1752 3172
304 199 360 235 20

789 199 831 246 6„
860 178 1185 248 Psammoplaila.

395 304 491 337 inter
516 311 650 348 puncta
674 306 823 349 obliqua
849 306 944 340 haud
972 317 1055 339 raro
1078 304 1301 339 confluentia
1319 313 1327 340 3
1348 301 1523 343 esingulo
1537 306 1671 344 puncto

396 367 578 402 excedunt
603 379 713 402 unum
736 374 800 402 aut
825 369 949 412 plures
975 370 1037 412 pili
1065 369 1162 417 longi
1177 366 1305 399 molles
1322 364 1558 408 piceo-nigri,
1576 364 1672 412 upde

396 431 568 473 pilositas
594 431 722 464 harum
748 433 915 475 corporis
941 434 1099 476 partium
1127 431 1243 463 multo
1287 428 1465 470 amplior,
1502 427 1671 466 densior,

395 494 554 537 longior.
603 493 805 528 Stemmata
833 495 966 527 lineola
992 495 1091 526 nulla
1117 493 1406 534 circumscripta.
1457 490 1530 523 Sub
1565 495 1672 522 stern-

394 562 493 590 mate
517 558 638 590 antico
664 559 780 591 currit
807 559 942 591 lineola
969 558 1175 601 diagonalis
1202 567 1264 600 per
1290 555 1418 588 faciem
1446 554 1575 586 leviter
1611 554 1674 585 im-

393 631 562 653 mersam.
587 621 773 664 Margines
798 608 966 654 scrobum
994 623 1145 654 internae
1173 618 1374 669 tuberculis
1400 622 1538 649 carent.
1589 616 1672 659 Cly-

401 693 491 726 peus
517 688 749 723 transversus
774 685 891 727 abque
917 685 1123 728 diagonali,
1151 682 1314 725 margine
1339 680 1470 722 apicali
1497 680 1674 722 angulato

400 747 431 779 dc
455 747 612 780 sinuato.
662 747 822 780 Labrum
848 748 951 790 apice
975 752 1195 779 truncatum.
1245 742 1470 776 Mandibulae
1497 742 1586 774 dens
1622 743 1671 774 in·

396 809 574 842 termedia
600 811 813 853 angustior,
838 811 981 842 interna
1007 809 1176 853 obtusior
1196 816 1302 850 quam
1326 806 1361 837 in
1385 802 1512 848 affine.
1539 804 1675 836 Prono-

397 879 474 906 tum
499 873 711 917 angustiuS,
737 873 873 916 absque
903 856 1112 915 diagonalis
1153 868 1302 902 noi-suli
1334 868 1429 899 linea
1466 867 1676 910 diagonalis

398 937 564 975 elevata,
590 935 635 967 ad
662 941 857 978 pronotum
883 935 1143 975 inconspicua,
1170 932 1270 964 disco
1296 931 1491 974 conspicua
1518 931 1549 963 d:
1583 930 1676 963 desi-

391 986 498 1034 liens.
547 998 749 1042 Scutellum
782 998 883 1031 disco
919 998 1075 1041 politum
1121 996 1265 1039 punctis
1308 992 1546 1037 periphericis
1590 1005 1676 1026 nou-

394 1062 506 1095 nullis
532 1056 745 1104 majoribus.
796 1061 1083 1094 Postscutellum
1111 1059 1188 1092 fere
1214 1059 1332 1090 minus
1358 1057 1539 1089 elevatum
1567 1067 1672 1101 quam

398 1124 495 1168 apud
522 1122 687 1168 affinem.
734 1125 833 1156 'rota
860 1124 976 1156 latera
1003 1122 1187 1161 thoracis,
1213 1126 1292 1153 tota
1327 1125 1454 1163 pectus
1493 1121 1524 1153 ἀ
1565 1127 1675 1153 meta-

396 1193 523 1220 notum
548 1196 678 1230 grosse
703 1188 871 1220 coriaceo
898 1188 929 1220 dc
973 1185 1237 1229 subgranulato
1279 1193 1426 1226 rugosa.
1477 1183 1676 1227 Sculptura

400 1250 617 1283 mesosterni
643 1250 891 1293 grossissima.
928 1251 1020 1283 Area
1046 1249 1198 1282 cordata
1215 1247 1394 1280 lateribus
1406 1247 1465 1279 vix
1477 1246 1674 1294 confluens!

396 1298 479 1346 nain
505 1318 635 1346 sutura
660 1312 890 1356 peripherica
916 1297 975 1345 es}
998 1313 1196 1355 conspicua
1222 1312 1255 1342 in
1294 1311 1397 1353 apice
1431 1311 1674 1354 acutaogulo‚

399 1376 459 1420 qui
485 1376 722 1419 conjungitur
746 1385 826 1407 cum
853 1375 1036 1418 diagonali
1065 1375 1230 1407 verticali
1258 1374 1302 1405 ad
1323 1373 1674 1408 annuluminsertio-

393 1440 448 1471 nis
473 1438 717 1472 abdominalis
745 1443 908 1471 extensa.
958 1440 1152 1470 Armatura
1180 1436 1311 1480 pedum
1358 1437 1503 1479 longior
1547 1439 1577 1471 ‹st-
1621 1449 1675 1471 ro-

395 1503 553 1535 bustior.
604 1501 772 1534 Petiolus
798 1500 958 1534 nonnihil
985 1499 1498 1543 brevior,longitudinecoxae
1510 1502 1674 1544 posticae3

396 1564 493 1607 apud
519 1563 673 1597 feminas
699 1574 743 1597 ex
769 1565 847 1596 ovis
873 1565 1027 1597 maturis
1052 1563 1222 1607 gravidas
1261 1569 1319 1595 est
1361 1564 1538 1596 abdomen
1581 1565 1674 1598 adeo

396 1627 545 1671 gibbum
572 1632 613 1659 ut
638 1627 801 1670 petiolus
826 1628 945 1670 primo
970 1628 1107 1659 intuitu
1134 1627 1191 1659 vix
1217 1627 1453 1669 conspicitur.
1503 1627 1673 1660 Ceterum

396 1695 455 1723 est
479 1689 640 1734 petiolus
668 1690 792 1732 paullo
818 1690 979 1722 crassior
1004 1700 1110 1733 quam
1136 1691 1171 1722 in
1199 1688 1336 1733 affine,
1364 1699 1428 1722 nec
1454 1690 1520 1726 nisi
1545 1700 1672 1723 versus

393 1756 621 1796 segmentum
647 1753 794 1785 dorsale
819 1753 1027 1796 diagonalis
1051 1753 1256 1797 detegitur:
1285 1751 1449 1785 troclilea
1479 1754 1673 1796 petiolaris

394 1815 520 1855 fulva;
547 1821 776 1859 segmentum
802 1816 1006 1849 abdominis
1033 1816 1181 1849 dorsale
1206 1817 1336 1851 izmum
1364 1816 1480 1849 multo
1511 1817 1671 1858 brevius,

392 1878 506 1910 latius
533 1878 564 1911 ά
588 1879 785 1912 convexius
811 1889 918 1922 quam
943 1879 978 1911 in
1005 1878 1141 1923 affine,
1167 1879 1263 1922 quod
1297 1879 1342 1912 ad
1377 1880 1567 1923 gibbosam
1612 1881 1672 1914 ab·

395 1941 552 1973 dominis
577 1942 735 1985 speciem
761 1942 967 1985 praesertim
995 1941 1222 1985 suppeditat.
1270 1943 1366 1975 Anus
1393 1948 1451 1976 sat
1484 1944 1671 1986 elongato-

393 2004 562 2038 conicus:
587 2004 735 2036 vaivula
759 2004 876 2037 analis
901 2003 1059 2037 dorsalis
1086 2005 1196 2038 latior
1221 2016 1326 2049 quam
1369 2007 1403 2039 io
1438 2005 1497 2039 Ps.
1532 2006 1670 2050 affine,

397 2071 591 2109 segmento
612 2067 738 2099 circuli
766 2067 1056 2100 semiconvoluto
1082 2068 1233 2108 similis3
1262 2070 1407 2102 valvula
1432 2071 1549 2103 analis
1590 2081 1671 2104 ven-

393 2129 500 2162 tralis
524 2130 736 2173 angustior,
765 2131 982 2162 semiconica
1007 2131 1110 2174 apice
1144 2137 1328 2165 truncato.
1378 2133 1528 2166 Pictura
1562 2134 1671 2167 abdo-

397 2193 505 2225 minis
532 2191 614 2225 rufa
639 2193 692 2225 ita
717 2193 934 2226 distributa:
961 2200 1150 2238 segmenta
1175 2195 1337 2227 dorsalia
1365 2196 1494 2230 lunum
1528 2197 1671 2239 22dum,

394 2256 425 2289 <te
448 2254 616 2288 ventrale
639 2254 760 2289 Qtdum
789 2261 888 2296 tota,
913 2267 1039 2301 margo
1074 2258 1228 2301 apicalis
1275 2261 1451 2303 segmenti
1493 2262 1670 2294 ventralis

393 2318 475 2352 1:mi
502 2323 612 2361 atque
636 2327 721 2360 pars
746 2318 884 2351 basalis
911 2327 1183 2364 segmentorum
1208 2321 1286 2356 &tii
1315 2322 1473 2355 dorsalis
1516 2324 1547 2356 d:
1589 2334 1669 2356 ven-

394 2380 523 2419 tralis,
551 2381 696 2412 omnino
722 2381 884 2415 miniata.

348 2440 471 2476 Maris
489 2438 609 2474 *facies
635 2445 979 2486 argenteo-sericea.
1005 2445 1186 2480 Metanoti
1213 2448 1423 2492 granulatio
1436 2447 1553 2480 minus
1566 2458 1668 2492 gros-

392 2518 434 2540 sa
445 2508 599 2551 quamio
627 2498 654 2550 ῼ
670 2530 680 2547 ,
705 2510 801 2543 unde
825 2511 1030 2555 diagonalis
1056 2514 1166 2546 etiam
1193 2514 1273 2548 heic
1298 2521 1338 2548 ut
1363 2513 1498 2548 lineola
1523 2515 1668 2549 elevata

393 2574 571 2617 procedit.
620 2569 786 2610 Petiolus
821 2579 998 2620 teretior,
1033 2583 1250 2624 angustior,
1293 2582 1437 2626 longior
1471 2591 1578 2625 quam
1616 2570 1666 2623 9,

1741 1440 1752 1467 Ἀ
