1752 3172
276 193 331 230 ”16
786 192 854 230 22.
885 188 1116 243 Pompiltcs.

372 296 559 332 breviores
583 307 690 342 quam
716 299 948 344 chalyboeati.
995 299 1157 342 clypeus
1182 292 1395 332 transverso
1431 294 1648 330 subsemilu-

371 366 503 400 natus,
529 347 740 404 pubescenti
767 364 968 403 obscurus,
995 363 1158 406 margine
1169 363 1291 395 antico
1305 361 1421 405 polito
1432 360 1478 393 ad
1491 358 1649 392 medium

372 424 507 457 leviter
557 429 719 458 attamen
771 426 944 460 distincte
997 426 1430 469 arcuato-emarginatus.
1490 423 1650 456 Labi-um

372 487 542 531 magnum
567 488 839 522 semilunatum.
887 489 1111 523 Mandibulae
1153 488 1306 528 validoe,
1349 486 1554 530 longiores,
1602 484 1653 517 di-

374 550 487 583 midio
513 551 644 594 apicali
672 551 799 594 politae
825 550 1037 592 rufopiceae.
1087 551 1189 594 Palpi
1217 551 1358 583 robusti
1397 550 1654 593 pruinoso-pu-

378 614 511 657 bei-uli.
545 612 695 663 Thorax
721 614 910 647 robustior
935 619 972 646 et
998 614 1143 657 longior
1169 624 1275 657 quam
1302 611 1534 656 chalybaeuti.
1568 612 1655 644 Pro-

379 678 456 709 uoti
484 687 609 719 margo
636 678 801 720 posticus
823 677 845 709 Ι.
867 677 1382 719 subarcuatol.subangulato
1395 676 1657 718 emm-ginatus

374 740 602 773 Metanotnm
631 739 707 772 fere
733 722 955 783 cltaly'baeati
978 745 1016 772 at
1042 741 1253 779 robustius,
1281 738 1656 781 diugonalialiispro-

379 802 540 835 fuudiori
566 803 649 834 aliis
677 804 856 843 tenuiori,
883 804 1049 835 omnibus
1086 803 1226 846 postice
1269 802 1495 834 abbreviata.
1543 800 1658 832 Abdo-

379 876 458 898 inen
485 865 561 898 fere
586 864 828 909 cltalybaeati‚
855 866 917 898 sed
944 867 1128 906 crassius,
1149 872 1186 898 et
1210 865 1290 898 rufa
1304 867 1448 909 pictura
1460 863 1660 906 sanguinea

380 928 562 961 interdum
602 928 789 962 fuscedine
830 930 1017 969 immixta3
1061 935 1289 972 segmentum
1332 928 1454 964 21dum
1492 926 1660 968 margine

380 993 524 1035 postico
550 990 776 1031 fuscexcens3
805 997 923 1024 totum
949 1002 1083 1035 corpus
1109 992 1205 1035 pube
1230 991 1435 1025 atro-fusca
1464 990 1660 1023 subtilissi-

382 1065 440 1086 ma
464 1055 663 1087 obtectum.
713 1055 969 1087 Coxaerantice
997 1055 1103 1098 longe
1129 1056 1379 1099 nigropilosae.
1428 1054 1564 1088 Pedum
1604 1063 1663 1086 ar-

382 1122 528 1150 matura
552 1126 573 1148 a
601 1114 833 1160 Chalybaeati
855 1117 978 1151 differt
1003 1119 1036 1150 in
1065 1128 1129 1158 eo,
1155 1118 1252 1161 quod
1279 1120 1393 1162 spinae
1419 1127 1556 1157 omnes,
1571 1126 1662 1160 prae-

384 1182 510 1213 sertim
538 1181 693 1223 pectinis
722 1180 870 1212 tarsalis
908 1181 1018 1213 antici
1046 1168 1250 1224 'longiores
1295 1186 1392 1214 sunt.
1442 1181 1516 1213 Alte
1558 1179 1663 1213 fusco

384 1244 563 1287 hyalinae,
591 1243 702 1275 limbo
728 1245 860 1287 apicali
888 1231 1122 1288 marginvque
1161 1245 1282 1277 antico
1325 1244 1471 1277 cellula»,
1512 1243 1682 1276 radialis-

384 1312 552 1340 saturate
577 1306 845 1349 nigrofuniatae.
896 1308 1047 1340 Cellul.ae
1075 1309 1309 1351 majusculae:
1346 1308 1496 1342 radialis
1539 1312 1665 1339 ovato-

388 1371 620 1410 lanceolata,
646 1371 816 1402 cubitalis
841 1371 922 1405 2:da
949 1372 972 1403 l.
1000 1372 1340 1415 subrectangularis
1366 1372 1668 1415 [subtrapezina

389 1443 487 1477 saepe
513 1434 704 1477 angustior
730 1429 837 1476 quani
861 1434 969 1474 3:tia;
996 1434 1073 1467 haec
1109 1436 1318 1478 trapezina,
1351 1435 1487 1467 venula
1514 1441 1666 1467 externa

388 1496 510 1529 valide
534 1501 687 1529 arcuata
712 1502 776 1529 aut
802 1498 1061 1542 subaugulata.

343 1579 399 1612 De
424 1587 524 1610 mare
550 1587 619 1610 non
645 1578 821 1619 ulterius,
867 1579 934 1612 nisi
983 1580 1080 1623 quod
1125 1581 1201 1624 jani
1248 1579 1415 1619 allatum,
1457 1579 1649 1612 observan-

384 1642 468 1675 dum
494 1646 563 1674 est.

345 1820 442 1855 Sect.
467 1823 499 1855 2.
547 1824 777 1857 Metanotum
803 1827 957 1868 (praeter
981 1823 1254 1869 pubescentiam
1281 1819 1667 1861 subtilissimamflon-

545 1896 589 1930 ge
615 1886 1029 1932 nigro-fusco-pilosum.

418 1988 482 2023 37.
542 1985 759 2038 Pompz'lus
775 1986 1074 2039 fumipenmk:
1115 1988 1269 2027 medius
1313 1994 1383 2026 aut
1427 1987 1671 2037 submagnus

306 2058 501 2098 obscurus
530 2064 639 2108 ater,
668 2065 885 2113 segmentis
940 2061 1145 2114 basalibus
1183 2062 1299 2103 22bus
1345 2062 1491 2108 fulvis,
1537 2060 1670 2098 fronte

304 2131 446 2182 plana,
491 2137 674 2173 antennis
716 2136 912 2188 elongatis
956 2137 1155 2188 angustis,
1209 2134 1374 2174 cellulis
1425 2133 1675 2175 cubitalibus

301 2206 549 2246 intermediis
580 2211 794 2259 trapezinis
824 2210 974 2261 magnis
1004 2214 1209 2247 metanoto
1239 2209 1383 2260 piloso,

349 2304 459 2337 lem
488 2306 636 2350 Dispos.
665 2306 765 2343 1842.
792 2309 846 2344 10.
869 2307 925 2343 42.
951 2307 992 2341 Ρ.
1006 2306 1170 2351 vulgaris
1184 2306 1244 2340 Kl.
1260 2307 1292 2340 ‹t‘
1304 2308 1364 2342 Er.
1378 2302 1669 2340 mus.}3er‹›1in.3

352 2392 448 2428 Mas.
474 2395 586 2440 2ὲ-4
621 2397 682 2430 lin.
717 2407 817 2430 mens
860 2398 964 2431 Suec.
1008 2397 1106 2440 long.
1149 2396 1296 2428 valvula
1338 2395 1454 2428 analis
1498 2394 1672 2427 ventralis

394 2469 524 2502 magna
549 2459 843 2504 spathuliformis
869 2461 1030 2504 margine
1056 2459 1187 2503 apicali
1216 2460 1314 2491 tenui
1342 2459 1416 2491 late
1441 2459 1574 2491 obtusa
1595 2458 1671 2490 bre·

393 2523 541 2556 vissime
567 2523 851 2568 densissimeque
877 2523 1205 2562 setuloso-ciliata,
1232 2522 1356 2554 carina
1382 2520 1565 2564 diagonali
1591 2531 1672 2553 con-

397 2586 498 2619 tinua
522 2587 667 2621 excelsa
692 2589 837 2623 sinuata
861 2588 1095 2628 acutissima,
1128 2585 1251 2629 spatio
1293 2585 1389 2617 inter
1430 2585 1590 2618 carinam
1632 2590 1670 2628 et
