1752 3172
618 188 683 226 58.
733 183 963 237 oxybelue.
1390 191 1469 229 277

107 296 216 337 tandi
245 301 285 336 et
315 296 477 335 domum
508 298 569 342 (in
599 294 756 335 fistutos
787 296 855 335 ubi
887 295 1033 346 pulluli
1062 297 1234 348 degunt)
1260 306 1469 352 reportan-

103 372 155 411 di.
212 368 334 421 Cujus
362 371 529 409 rationis
554 370 636 420 jam
672 367 876 409 Le‘nnaeus
907 371 945 408 iu
981 369 1114 410 Fauna
1160 374 1217 410 sic
1259 372 1466 426 loquitur:

102 445 214 485 'iicet
246 445 404 484 minima
436 446 508 489 sit,
546 456 651 494 saepe
699 449 828 481 tamen
875 442 1049 482 Muscam
1097 445 1379 496 domesticam,
1424 460 1467 488 se

103 518 226 570 triplo
271 516 336 556 vet
380 517 610 571 quadruplo
655 517 871 568 majorem,
914 519 1085 556 occisam
1129 531 1265 559 secum
1320 522 1467 570 trahit,

101 595 159 632 uti
189 591 351 644 Sphex.'

218 701 351 740 Vitam
382 705 517 739 autem
547 705 588 739 et
625 701 964 753 metamorphosin
1011 706 1238 741 memoratu
1280 703 1466 755 dignissi-

99 788 202 815 mam
233 774 584 815 observationibus
613 776 873 814 exactissimis
902 773 1132 825 expioravit
1175 777 1349 817 eximius
1392 779 1466 820 itte

97 848 362 901 Physiologus
395 845 460 887 De
491 846 669 886 Sa‘ebold
696 852 736 885 et
763 847 1015 887 excellenter
1044 847 1238 888 docuitin
1260 862 1465 894 commen-

98 925 249 963 tatione
279 934 350 961 sua
377 921 541 961 classica
566 933 656 972 quae
674 921 924 961 inscribitur·
944 919 1262 961 Observationes
1277 926 1462 976 quaedam

96 996 401 1049 entomoiogicae
431 995 479 1034 de
517 992 709 1046 oxybelo
744 995 961 1049 nuiglnme
985 1001 1108 1046 atque
1132 993 1461 1049 Millogramma

96 1073 259 1110 conica·
290 1070 469 1109 Auctore
504 1067 547 1108 C.
587 1067 660 1107 Th.
693 1067 745 1108 de
777 1064 957 1108 Sc'ebold
984 1068 1196 1108 Medicinae
1239 1069 1374 1112 Profa·
1419 1074 1461 1114 P.

94 1142 140 1184 Ο.
169 1144 366 1196 Erlangze.
404 1143 528 1194 Typis
558 1142 913 1182 Kunstmannianis
943 1145 1077 1182 1811:
1107 1141 1166 1181 Ad
1205 1156 1307 1196 quas
1322 1147 1462 1187 obser-

96 1221 296 1263 vationes.
328 1223 372 1256 ut
403 1228 477 1269 pro
504 1217 638 1256 studio
688 1216 866 1255 liistoriae
910 1216 1109 1255 naturalis
1153 1216 1272 1268 hujus
1311 1224 1460 1272 speciei

95 1305 215 1345 quam
261 1294 434 1332 maxime
480 1292 767 1336 neccessarias,
821 1292 974 1329 animos
1026 1289 1241 1330 Lectorum
1296 1300 1459 1335 vertere

95 1366 221 1405 volui.
278 1367 327 1405 tis
371 1378 489 1411 vero,
534 1367 604 1416 qui
648 1365 1026 1405 commentationem
1070 1371 1333 1407 memoratam
1384 1369 1460 1409 sibi

99 1452 240 1491 parare
272 1451 350 1478 nou
383 1442 529 1492 possint
561 1439 646 1478 haec
675 1439 812 1490 paucis
841 1437 1078 1489 complexus
1106 1448 1219 1478 sum:

211 1547 368 1587 Femina
417 1552 547 1598 raptat
595 1547 758 1598 Diptera
806 1548 940 1594 varia,
991 1550 1196 1600 praecipue
1247 1556 1382 1592 autem
1435 1567 1457 1593 e

91 1619 362 1659 Muscidamm
395 1626 435 1662 et
465 1620 850 1673 Antbomyzidarum
896 1620 1068 1660 familiis.
1125 1622 1282 1662 Etenim
1332 1637 1458 1677 quum

93 1692 313 1733 Muscidam
368 1695 432 1734 vel
487 1695 822 1746 Anthomyzidam
881 1694 1103 1745 quandam,
1164 1709 1255 1749 quae
1312 1711 1457 1739 secure

93 1769 304 1818 quiescens
334 1770 469 1808 calore
501 1770 599 1809 solis
627 1771 798 1815 fruitur,
829 1769 1004 1819 praedam
1035 1769 1111 1809 sibi
1142 1770 1277 1824 eligit,
1320 1773 1456 1813 subito

92 1843 131 1878 in
163 1854 249 1879 eam
280 1842 506 1890 delabitur,
538 1849 735 1894 raptatam
767 1845 806 1882 in
849 1842 1012 1880 dorsum
1061 1846 1182 1883 vertit
1228 1850 1268 1884 et
1310 1847 1456 1887 aculeo

92 1915 199 1953 inter
229 1921 350 1966 caput
382 1922 420 1955 et
454 1924 595 1968 pectus
627 1920 664 1956 in
699 1918 838 1956 insecti
868 1914 1021 1954 cottum
1053 1915 1206 1971 infigit3
1236 1931 1318 1970 quo
1349 1920 1467 1961 facto⁴

89 1987 276 2035 avolans,
309 1989 524 2030 Muscidam
558 1992 582 2029 Ι.
622 1989 976 2041 Anthomyzidam.
1020 1995 1133 2043 tergo
1176 1992 1367 2034 deorsum
1414 2003 1455 2036 et

91 2067 232 2101 ventre
276 2064 525 2117 pedibusque
570 2078 727 2104 sursum
774 2065 921 2108 versis,
968 2063 1113 2103 aculeo
1157 2066 1287 2107 solum
1334 2070 1455 2109 tollit.

89 2132 313 2186 Sequentes
345 2137 603 2190 Dipterorum
633 2142 806 2190 specie8‚
838 2137 888 2177 ab
917 2135 1107 2188 oxybelo
1138 2139 1283 2180 semina
1330 2142 1455 2184 larvis

92 2208 243 2259 pabulo
273 2209 434 2260 electae,
466 2215 504 2252 in
535 2213 639 2252 nidis
689 2211 970 2264 Oxybelorum
1015 2224 1033 2248 a
1081 2212 1137 2251 De
1171 2210 1350 2255 Scebold
1394 2220 1453 2256 in-

90 2287 220 2321 ventae
250 2289 362 2331 sunt,
391 2285 497 2325 scih:
530 2285 789 2338 Anthomyia
820 2284 1226 2338 clenla‘per‚lept'cla,
1246 2289 1449 2341 platura,

85 2356 312 2408 pluvialis,
354 2359 528 2408 cucata,
572 2365 613 2399 et
659 2361 941 2407 leucostoma,
997 2356 1204 2413 Ephydra
1259 2366 1450 2415 riparia,

92 2427 310 2472 Loncleaea
342 2431 520 2483 chorea,
556 2431 816 2486 Doliclmpus
849 2432 1104 2484 ungulatus,
1137 2433 1290 2475 Musca
1306 2434 1449 2476 scabu-

1279 2511 1332 2549 ³6
