1752 3172
1116 213 1131 222 x

558 231 627 276 44.
655 233 948 290 Antbopln'lur
1354 241 1431 280 191

165 351 262 384 inter
284 350 459 381 antennas
483 347 523 378 et
562 348 757 378 stemmata
804 343 1431 388 punctu!ato-coriaceo-obscurum.

165 412 269 456 Pulpi
293 407 530 453 nigro-picei,
565 407 732 439 articulis
780 408 917 451 pallide
963 407 1160 440 annulatis.
1209 408 1433 443 Mandibuloe

158 472 294 519 pallide
318 471 442 511 ssavoe,
467 471 571 514 apice
605 469 817 513 rufopiceoe.
865 471 992 504 Facies
1040 472 1134 503 inter
1180 471 1432 514 mandibulas,

162 537 290 571 oculos
314 540 352 568 et
375 540 555 567 antennas
581 533 723 566 macula
749 534 868 566 lactea
894 535 1090 566 trin-amosa
1115 534 1290 576 insignis:
1327 545 1430 569 ramo

162 599 306 633 laterali
331 603 489 642 utroque
514 597 739 630 subcuneato
767 606 881 640 usque
906 597 951 630 ad
977 597 1094 629 sinum
1120 597 1214 629 oculi
1237 598 1430 641 producto.

163 672 264 696 ramo
290 661 507 694 intermedio
533 661 630 693 inter
654 665 831 692 antennas
859 659 1036 703 producto
1064 659 1140 692 lato
1182 660 1433 695 suborbicula-

160 731 221 766 to,
248 734 403 769 superne
429 724 505 756 late
530 723 759 766 emarginato
795 722 892 754 intra
939 721 1223 764 emarginaturae
1271 724 1434 757 ramulos

159 794 267 835 gutta
291 788 410 821 media
435 787 594 830 oblonga
618 785 834 825 concolor-e,
860 794 881 816 a
907 785 1018 816 ramis
1044 784 1260 817 lateralibus
1287 796 1351 828 per
1376 797 1434 819 su-

164 859 268 886 turas
292 851 416 895 clypei
443 852 465 885 2
497 850 665 893 obliquas
714 849 945 891 divergentes
992 838 1187 890 angulatas
1234 846 1431 890 disJuncto.

163 915 303 960 Scapus
327 914 489 952 lacteus,
517 911 628 945 dorso
654 912 767 955 niger.
814 909 1021 945 Pedicellus
1066 914 1168 941 totus
1210 910 1324 953 niger.
1368 911 1435 944 Fa-

157 979 295 1023 gellum
320 985 432 1020 supra
456 975 598 1018 nigrum
625 974 720 1008 infra
745 973 900 1009 fulvum.
947 972 1151 1006 Stemmata
1176 972 1374 1006 mediocria
1399 975 1434 1007 in

159 1039 381 1084 triangulum
408 1039 660 1082 rectangulum
685 1037 889 1081 disposita,
912 1035 1194 1069 fuscotestacea.
1229 1036 1327 1069 Pone
1352 1046 1435 1069 ocu-

160 1105 234 1138 lum
260 1108 453 1146 utrumque
479 1102 614 1134 lineola
641 1101 856 1145 temporalis
882 1099 1066 1133 levissime
1104 1103 1256 1131 arcuata
1302 1098 1435 1132 lactea.

159 1166 311 1202 Thorax
338 1165 476 1198 nitidus
500 1166 627 1199 crebre
650 1164 887 1209 punctulatus
925 1162 1068 1196 modice
1108 1162 1435 1206 enno-piloseuus‚

162 1231 352 1275 pilositate
377 1229 581 1273 praesertim
607 1229 641 1261 in
670 1233 821 1272 pectore
846 1234 884 1260 et
909 1230 1096 1260 metanoto
1115 1227 1324 1269 conspicua.
1349 1226 1436 1259 Pro-

163 1295 239 1327 noti
267 1302 392 1336 margo
418 1293 583 1336 posticus
608 1291 743 1324 lineola
768 1291 813 1324 ad
841 1292 1036 1324 incisuram
1062 1288 1293 1331 diagonalem
1325 1290 1436 1322 inter-

162 1362 291 1401 rupta,
318 1355 508 1389 tubercula
532 1354 735 1388 humeralia
758 1359 798 1387 et
822 1353 963 1386 macula
988 1352 1056 1385 sub
1080 1351 1151 1383 alis
1175 1351 1294 1386 vicina
1326 1361 1434 1386 cune-

159 1427 241 1460 ata,
267 1420 402 1463 tegulae
426 1419 589 1459 alarum,
615 1417 848 1462 postscutelli
891 1415 1048 1449 fasciola
1097 1414 1246 1447 linearis
1295 1414 1434 1449 lactea.

163 1484 363 1518 Pronotum
389 1488 430 1515 ut
453 1482 489 1514 in
514 1479 716 1514 Philantho
741 1480 951 1513 formatum.
996 1475 1197 1512 Dorsulum
1232 1482 1270 1510 et
1303 1477 1436 1510 scutel-

164 1548 237 1580 lum
264 1546 403 1590 polita,
429 1545 533 1578 illum
558 1545 685 1578 crebre
709 1550 746 1577 et
772 1543 1008 1587 iregulariter
1046 1540 1325 1585 punctulatum‚
1368 1540 1437 1574 hoc

163 1610 307 1653 punctis
332 1607 534 1651 majoribus
559 1608 686 1651 paucis
711 1606 940 1650 adspersum,
965 1605 1113 1648 gibbum
1138 1603 1259 1636 medio
1275 1605 1437 1648 longitu-

163 1672 336 1705 ‹linaliter
361 1671 660 1714 subimpressum.
708 1671 938 1704 Metanotum
966 1668 1066 1700 utin
1109 1665 1305 1700 Philantho
1353 1677 1436 1700 con-

164 1741 357 1771 structum.
399 1734 515 1768 Pedes
541 1735 618 1766 basi
645 1734 736 1777 nigri
762 1731 1084 1765 articulationibus
1117 1729 1286 1774 pallidis;
1335 1739 1438 1763 coxoe

158 1797 384 1834 intermediae
410 1797 455 1830 ad
480 1798 619 1840 apicem
653 1797 940 1840 albopunctatae.
989 1794 1117 1828 Genua
1152 1792 1437 1826 indeterminate

166 1860 440 1904 ssavo-pallida3
465 1861 565 1893 tibiae
589 1862 790 1894 introrsum
832 1860 908 1891 sive
956 1857 1097 1901 poetice
1145 1856 1436 1900 nigro-lineatae,

164 1925 284 1957 antico
309 1923 386 1954 sive
411 1928 517 1955 extus
542 1922 884 1966 sulphurescentes;
910 1921 1114 1953 anteriores
1137 1919 1215 1961 (vix
1242 1921 1394 1963 posticae
1405 1919 1437 1961 3)

166 1992 251 2020 ante
284 1986 482 2028 marginem
531 1986 708 2029 apic-alem
755 1990 945 2018 externum
994 1982 1207 2016 cicatricula
1254 1983 1438 2023 brunnea3

167 2050 285 2085 'l'ibiae
309 2050 441 2081 anticae
467 2049 644 2081 lateribus
670 2049 905 2088 submuticoe,
932 2047 1161 2092 posteriores
1209 2045 1340 2078 saltem
1389 2046 1439 2079 bi-

166 2113 295 2148 fariam
321 2112 532 2155 spinulosae.
579 2112 688 2145 Tarsi
737 2112 963 2154 posteriores
1011 2110 1184 2149 brunnei‚
1232 2110 1438 2142 anteriores

168 2177 279 2217 fulvi,
304 2176 423 2208 antico
447 2175 639 2208 confertim
664 2175 780 2207 ciliati
796 2198 805 2214 ‚
832 2175 973 2218 postice
999 2182 1108 2217 parce
1132 2177 1169 2204 et
1195 2172 1302 2215 longe
1327 2173 1439 2216 pecti-

164 2241 254 2273 nati.
288 2237 432 2271 Cellula
457 2237 607 2270 radialis
633 2243 674 2270 ut
698 2237 732 2270 in
758 2236 959 2271 Philaneho
985 2236 1438 2274 lanceolam-acuminata.

167 2302 343 2336 distantia
367 2301 461 2333 inter
487 2311 610 2333 venam
636 2301 833 2334 cubitalem
877 2307 915 2334 et
962 2300 1128 2333 venulam
1176 2298 1440 2332 submedialem

165 2370 287 2409 mquat
312 2363 575 2407 longitudinem
600 2364 741 2397 venulae
766 2364 946 2397 medialis.
995 2363 1179 2397 Abdomen
1205 2361 1325 2405 quoad
1367 2361 1442 2395 sor-

168 2438 261 2461 mam
288 2432 325 2460 et
349 2427 658 2459 constructionem
685 2428 830 2459 omnino
867 2426 1051 2468 Cen-eris,
1099 2431 1216 2459 totum
1265 2424 1441 2458 nitidissi-

168 2502 264 2524 mum
291 2499 399 2534 parce
425 2490 680 2534 punctulatum
706 2491 850 2533 punctis
892 2491 1034 2524 levibus
1080 2491 1162 2530 (nec
1212 2487 1440 2531 profundis„

173 2559 400 2598 segmentum
428 2554 558 2588 1zmum
587 2553 688 2587 disco
732 2554 902 2597 utrinque
943 2553 1085 2588 macula
1132 2551 1278 2585 laterali
1327 2556 1442 2584 trans-
