1752 3172
250 181 332 219 328

609 178 677 221 66.
711 177 871 221 Crabra
904 180 1244 233 (Croaeeocerm).

347 287 436 321 tarsi
463 287 573 319 antici
601 287 726 330 pallidi
753 289 990 332 subtestacei‚
1015 293 1194 326 articulus
1228 292 1401 327 basilaria
1432 303 1463 327 ι.
1488 303 1612 338 eupro-

347 361 427 383 mus
453 351 688 393 sequentibus
732 352 842 385 simul
890 357 1021 388 sumtis
1070 356 1213 399 longior
1246 363 1283 388 et
1310 357 1476 400 proximo
1501 357 1613 390 latior

347 412 490 445 macula
515 412 633 445 media
659 414 775 455 nigra,
823 416 953 460 reliqui
1001 419 1148 452 articuli
1200 421 1300 463 parri
1337 420 1615 464 triangulariter

350 476 539 510 obcordali
567 477 674 520 apice
701 478 996 513 brunnescentes.
1045 482 1198 515 Femora
1246 484 1366 516 antica
1401 485 1516 527 nigra,
1565 483 1616 516 la·

349 546 429 573 tere
454 539 574 572 antico
600 539 718 572 infero
752 542 1054 579 citrino-lineata.
1103 545 1222 577 'ribiae
1270 547 1424 584 citi-ina),
1475 547 1618 590 postico

346 602 675 646 nigro-maculatae,
703 605 845 637 macula
870 611 1023 639 cuneata
1050 607 1082 638 in
1111 608 1208 639 tibiis
1234 609 1364 640 anticis
1399 616 1554 652 angusta
1579 615 1617 642 et

348 667 546 700 sublineari
573 668 607 699 in
635 669 787 710 posticis
813 669 1038 712 amplissima
1087 670 1267 702 interdum
1317 671 1492 712 majorem
1519 671 1619 704 tibiae

351 737 492 775 partem
520 731 737 774 obtegente3
765 733 853 764 tarsi
881 733 1084 765 intermedii
1113 732 1256 775 pallidi,
1276 733 1456 765 articulus
1481 733 1619 776 primus

348 794 499 837 reliquis
524 793 632 826 simol
657 795 786 827 sumtis
812 794 925 838 duplo
953 796 1097 838 longior
1121 801 1160 829 at
1185 797 1448 840 subaugustior
1488 796 1620 829 saltem

351 867 420 889 non
447 857 570 896 latior,
597 857 776 889 articulus
804 858 1006 890 terminalis
1033 860 1156 902 niger3
1205 861 1295 892 tarsi
1344 859 1476 904 postici
1502 859 1622 902 nigro-

353 919 462 959 fusci,
489 920 624 952 annulo
651 921 766 953 basuli
795 921 945 963 pallido.
972 922 1138 954 Calcaria
1163 923 1351 955 anteriora
1376 923 1622 961 subtestacea‚

354 984 497 1026 postica
522 982 637 1015 fusca.
687 982 843 1015 Valvuia
869 985 986 1016 analis
1013 991 1168 1027 utraque
1193 986 1493 1026 subsemilunata,
1543 985 1624 1018 dor-

355 1047 444 1078 salis
471 1055 600 1088 magna
626 1047 910 1079 convexiuscula
937 1053 1135 1090 punctata3
1171 1049 1345 1080 ventraiis
1380 1059 1491 1093 parva
1515 1049 1624 1093 gibba

354 1110 458 1142 laevis
484 1115 521 1140 et
546 1108 682 1147 nitida3
732 1115 857 1141 venter
892 1119 1019 1142 versus
1053 1121 1160 1142 anum
1188 1111 1316 1154 planus
1341 1117 1378 1145 et
1403 1112 1626 1146 subrui-nica-

353 1179 413 1206 tus
439 1179 711 1216 segmentorum
738 1174 964 1217 inarginibus
990 1174 1122 1207 ibidem
1161 1174 1343 1207 levissime
1391 1176 1628 1220 emarginatis

355 1237 430 1270 late
455 1237 879 1270 scariososabtestaceis.

310 1325 467 1360 Femina
493 1325 646 1370 pedibus
673 1327 799 1370 aigi-ia.
826 1326 946 1359 Tibiae
971 1327 1103 1359 anticae
1129 1328 1284 1367 citrinae,
1312 1327 1454 1371 postice
1479 1324 1628 1368 nigroli-

359 1397 496 1429 neatoe;
524 1390 622 1422 tibiae
648 1389 875 1424 intermediae
896 1390 1034 1432 nigrae,
1083 1391 1217 1423 annulo
1244 1390 1360 1423 basali
1387 1390 1553 1433 lineaque
1579 1388 1628 1421 la-

357 1455 446 1489 teris
471 1454 668 1487 exterioris
693 1441 773 1486 cm„
801 1453 866 1486 illo
894 1453 1107 1497 plerumque
1154 1453 1362 1487 cohaerente
1396 1452 1630 1491 subniti-inin

357 1519 458 1552 tibiae
485 1518 636 1561 posticae
661 1519 803 1550 citrinae
829 1517 962 1549 annulo
990 1518 1105 1550 basali
1138 1519 1360 1558 stramine03
1410 1516 1501 1549 tarsi
1549 1515 1632 1548 sub-

358 1582 560 1621 straminei‚
607 1581 710 1624 apice
756 1581 906 1623 (postici
955 1581 1112 1624 amplius
1139 1591 1244 1623 quam
1271 1579 1493 1620 anteriores)
1524 1577 1630 1611 fusci.

360 1645 527 1679 Calcaria
554 1650 728 1683 testacea,
772 1644 893 1676 antica
919 1653 1029 1687 supra
1077 1642 1264 1677 subfusca.
1312 1642 1469 1676 Valrula
1515 1640 1632 1673 analis

362 1708 521 1742 dorsalis
547 1712 588 1739 ut
613 1708 647 1738 in
677 1705 738 1739 Cr.
765 1705 901 1750 exiguo
927 1713 1160 1744 constructa,
1204 1706 1266 1738 sed
1293 1706 1496 1749 paullulum
1522 1713 1634 1746 angu-

363 1773 457 1806 stior
482 1776 519 1803 et
546 1776 624 1802 tota
650 1770 859 1813 nigrofusca
907 1779 972 1802 nec
1020 1771 1087 1802 nisi
1122 1770 1225 1813 apice
1251 1779 1390 1800 summo
1416 1766 1634 1812 piceo-rufe-

363 1845 487 1875 scens3
535 1834 628 1866 valv.
655 1843 711 1866 an.
739 1833 914 1866 ventralis
940 1838 1081 1866 tantum
1107 1832 1209 1875 apice
1234 1830 1334 1863 fulva
1382 1831 1634 1875 amplioreque

364 1904 470 1944 parte
495 1897 609 1930 basali
637 1897 738 1939 nigra
764 1896 860 1938 (cum
888 1897 922 1929 in
951 1895 1010 1929 Cr.
1039 1894 1175 1938 exigno
1203 1900 1282 1926 tota
1308 1899 1364 1927 est
1389 1881 1519 1935 fulva).

316 1984 395 2008 var.
420 1984 454 2006 a.
501 1960 752 2013 23·Pronoti
788 1971 961 2014 marginis
999 1970 1129 2013 postici
1181 1969 1274 2000 iinca
1321 1979 1446 2002 crassa
1494 1970 1637 2013 postiee

362 2037 602 2080 «marginata.
628 2035 732 2067 radix
758 2034 826 2066 alae
853 2042 994 2077 superae
1022 2033 1234 2076 niaculaque
1259 2032 1405 2066 scutelli
1429 2038 1639 2066 transverse

367 2101 484 2133 ovalis
509 2097 724 2131 discoidalis
750 2097 961 2130 subcitrina.

414 2173 554 2208 Crabro
576 2177 759 2217 puuctum
785 2172 883 2205 Zett.
909 2172 981 2204 lns.
1010 2171 1126 2215 Lapp.
1151 2168 1229 2205 445.
1256 2171 1308 2205 11.
1336 2159 1388 2212 ῼὶ
1456 2172 1639 2216 specimen

368 2248 425 2271 nto
450 2238 484 2272 3.
509 2238 545 2269 in
571 2235 814 2269 Zetterstedti
843 2234 1071 2268 Collectione
1118 2235 1297 2268 lnsector.
1345 2235 1593 2280 Lapponicor.
1617 2246 1640 2270 8

368 2310 425 2333 me
450 2301 646 2334 examinat.

321 2385 398 2408 var.
425 2375 458 2408 b.
506 2363 582 2416 ὂῼ.
607 2373 737 2406 similis
763 2383 836 2405 rar.
862 2382 909 2412 a.,
937 2371 998 2404 sed
1025 2371 1182 2405 scutello
1210 2372 1457 2406 immaculato.

321 2459 401 2482 var.
427 2459 456 2482 c.
506 2437 582 2491 ὅᾭ-
609 2453 766 2492 pronoto
793 2448 1025 2491 scutelloque
1052 2447 1311 2480 immaculatis.

398 2529 581 2571 Habitat
617 2535 655 2571 in
688 2531 796 2571 soliis
826 2531 1033 2578 fruticum,
1077 2531 1117 2569 iu
1159 2531 1285 2581 pratis
1326 2534 1367 2569 et
1406 2527 1640 2569 nemoribus
