1752 3172
565 255 681 295 Ratio
711 252 867 304 Operis.
1335 251 1391 290 tx

38 369 233 426 profunde
263 371 474 421 penetrare
515 378 645 418 neque
678 372 755 405 tam
789 367 906 418 longe
938 361 1154 415 procedere
1187 373 1305 412 quam
1339 364 1396 400 vi·

36 459 102 487 res
128 442 351 486 concedant
381 449 421 481 et
452 444 606 482 animus
637 440 827 493 postulet.
885 439 1025 490 Magna
1058 435 1276 475 difficultas
1307 448 1396 486 par-

35 527 97 562 te·
122 520 304 570 corporis
334 519 474 556 minuti
508 519 789 555 minutissimas
819 520 858 552 et
883 513 1168 554 ¹subtilissimas
1198 510 1395 548 dissecan-

33 594 89 642 di,
116 592 326 633 oculorum
358 606 377 631 a
411 592 674 641 microscopio
705 589 932 641 periculosa
964 587 1222 635 defatigatio,
1254 585 1397 622 micro-

30 668 260 719 scepturum
291 668 559 718 pretiosorum
590 667 837 716 comparatio
868 669 906 701 et
936 673 1026 712 s.p..
1048 672 1148 710 quas
1192 659 1395 697 molestias

32 739 346 789 examenfidele
358 742 713 779 instrumentorum
737 739 982 777 cibariorum
994 735 1135 774 afferat
1152 745 1308 772 necesse
1325 737 1400 778 est,

34 817 129 857 mibi
161 816 407 868 argumentis
435 814 683 853 induxerunt
714 818 758 850 ut
789 815 870 849 oris
900 823 1045 862 organa
1078 809 1214 861 potius
1257 811 1396 844 anato-

34 893 146 930 micae
175 901 294 941 quam
326 889 589 940 systematicae
621 888 723 936 parti
753 884 1041 936 Entomologiae
1099 879 1396 921 adnumeranda

32 977 118 1005 esse
149 969 298 1016 putem.
356 960 429 1000 His
457 961 702 1012 argumentis
732 960 887 998 aceedit
924 957 1158 1008 exemplum
1199 955 1395 1000 Heroum,

31 1040 103 1091 qni
133 1040 238 1077 viam
271 1036 385 1075 nobis
425 1039 708 1074 monstrarunt.
766 1034 851 1085 lpse
889 1033 1073 1072 conditor
1103 1030 1395 1080 Entomologiae

35 1108 254 1160 Linuaem‚
280 1111 430 1150 doeens
457 1111 614 1147 'omnia
645 1120 734 1161 qnoe
764 1121 790 1146 a
819 1105 938 1146 nobis
968 1119 1069 1145 vere
1087 1104 1287 1157 dignosci
1298 1115 1398 1156 poa·

31 1191 130 1226 eunt
163 1183 404 1237 dependent
438 1197 464 1221 a
495 1183 618 1222 clai-a·
651 1182 776 1231 (nola
807 1183 908 1221 bene
940 1181 1072 1228 claro,
1103 1192 1182 1218 non
1225 1178 1396 1217 obscura

34 1272 112 1299 nec
143 1255 344 1308 difficili)
376 1254 641 1304 memmio»,
673 1269 817 1307 organa
858 1257 939 1294 oris
982 1267 1056 1306 pro
1099 1251 1400 1294 characteribus

36 1334 286 1374 luseetorum
317 1333 513 1383 genericis
545 1330 661 1382 plane
693 1329 844 1380 rejecit.
902 1329 996 1379 Ejus
1024 1329 1256 1379 exemplum
1285 1339 1399 1366 secu-

37 1414 106 1447 tus
135 1412 195 1446 est
224 1403 395 1453 Juriue,
425 1408 493 1456 qui
525 1417 573 1442 ex
606 1404 680 1442 alae
711 1408 854 1442 anticae
883 1404 1169 1442 reticulatione
1203 1413 1396 1440 venarum

34 1481 113 1521 sibi
142 1481 390 1530 comparavit
436 1481 642 1517 materiem
688 1478 920 1529 Systematis
966 1475 1396 1528 Hymenopterologici

35 1554 222 1594 omnibus
252 1554 499 1605 temporibus
529 1552 709 1592 facillimi
749 1559 790 1591 et
820 1551 1097 1604 applicabilis;
1141 1556 1181 1589 et
1213 1553 1264 1589 ita
1299 1549 1396 1589 tecit

35 1627 109 1667 hac
140 1627 223 1666 sola
256 1629 425 1667 maxime
459 1628 652 1666 laudanda
687 1630 862 1667 ratione:
905 1627 975 1666 'Le
1020 1627 1165 1676 Temps
1202 1629 1262 1664 e¹st
1306 1629 1397 1675 trop

32 1703 255 1753 'precieuse
285 1701 307 1740 a
337 1701 373 1740 la
402 1702 589 1752 jeunesse
623 1714 724 1752 pour
754 1715 802 1740 ne
835 1714 903 1753 pas
933 1712 1034 1739 nous
1064 1700 1163 1739 faire
1186 1712 1238 1737 un
1255 1698 1399 1738 devoir

30 1776 98 1815 'de
128 1776 424 1822 l’economiser‚
455 1782 495 1814 et
526 1789 626 1814 nous
668 1789 689 1827 y
736 1776 1027 1828 pai-viendrons
1068 1787 1158 1813 sans
1200 1774 1322 1812 doute
1363 1773 1398 1811 si
1459 1768 1463 1778 '

33 1853 151 1890 'nous
179 1851 331 1890 otl'rons
369 1864 447 1890 aux
492 1856 694 1889 amateurs
736 1850 785 1888 de
830 1850 1024 1889 l'historie
1070 1848 1287 1896 naturelle,
1329 1847 1398 1886 des

34 1927 274 1965 'caracteres
303 1928 544 1976 generiques
584 1925 720 1964 faciles
758 1925 779 1963 a
822 1927 963 1963 saisir.'
1022 1921 1310 1971 Zetterstedt,
1354 1924 1395 1962 in

35 2008 160 2050 opere
191 2000 358 2039 'Insecta
392 2000 633 2051 Lappouimi·
664 2001 869 2050 inscripto,
899 2000 946 2038 ad
978 2005 1093 2038 notas
1123 1999 1398 2051 Hymenopte-

35 2084 172 2112 rorum
202 2077 407 2126 generieas
436 2077 697 2113 iustrumenta
729 2074 876 2113 cibaria
897 2074 1000 2113 haud
1017 2074 1187 2113 admisit.
1221 2068 1395 2121 Falle'u,

37 2148 79 2187 in
107 2147 299 2187 Methodo
329 2148 634 2202 Hymenoptera
666 2148 917 2199 disponendi,
946 2161 1055 2187 suam
1089 2148 1162 2187 hac
1181 2147 1231 2186 de
1247 2159 1290 2186 re
1305 2158 1395 2185 sen-

38 2223 204 2261 tentiam
235 2235 321 2275 pag.
353 2226 373 2261 1
407 2229 482 2262 etc.
513 2225 566 2262 ita
598 2224 808 2274 exprimit:
852 2222 909 2261 'ln
940 2224 1102 2262 insectis
1139 2223 1395 2274 disponendis

35 2294 376 2336 ’notasGenerum
394 2298 444 2336 ab
474 2299 751 2336 instrumentis
780 2297 944 2350 cibariis
960 2298 1181 2348 praesertim
1199 2297 1395 2336 desumsit

35 2367 132 2408 ’Cel.
147 2366 382 2410 Fubn‘ca‘m.
405 2372 483 2411 Has
494 2378 628 2411 autem
640 2374 822 2422 corporis
834 2377 981 2423 partes,
992 2372 1039 2410 ad
1052 2374 1391 2412 constructionem

35 2442 271 2492 ’Gener-uin,
302 2448 467 2485 minoris
494 2459 578 2486 esse
610 2448 726 2497 pretii
753 2446 846 2497 jure
866 2448 1093 2499 meritoque
1107 2447 1396 2486 contendimus.

36 2516 160 2559 Notas
189 2521 294 2560 enim
329 2523 392 2560 vix
426 2522 603 2573 praebent
633 2523 942 2571 praestantiores,
972 2534 1092 2573 quam
1122 2535 1212 2574 quae
1228 2534 1278 2562 ex
1296 2535 1394 2561 una-

1249 2606 1274 2636 B
