1752 3172
292 250 344 286 50
384 234 387 235 ⁷
469 248 471 250 ·
806 246 872 283 22.
904 241 1134 295 Pompa-us.

292 353 400 406 burg
428 355 636 397 inventum
667 362 794 402 prope
824 351 959 391 Berlin
992 353 1032 390 in
1063 364 1204 404 campo
1233 364 1402 391 arenoso
1439 351 1652 403 Jungfern-

291 429 408 468 heide
438 428 474 466 d.
503 429 527 463 7
557 424 638 464 Juli
670 426 777 463 1842
807 421 838 477 ῼ
868 425 1081 464 observavi
1107 430 1149 464 et
1179 425 1281 476 legi3
1313 427 1495 466 moribus
1524 425 1652 462 omni-

292 516 342 542 no
376 500 423 540 P.
458 496 843 552 rvfipedz'sulilur.
872 522 926 529 —
955 497 1139 550 Angliae?
1198 495 1430 539 Shnckurd.

340 591 423 638 Obs.
449 589 617 624 Femina.
664 587 918 632 Magnitudine
952 592 988 620 et
1014 588 1250 631 pubescentia
1284 590 1473 633 corporis,
1509 590 1653 633 pictura

380 655 512 699 capitis
547 653 691 686 omnino
727 650 768 694 P.
804 650 1000 696 rufipedis,
1030 651 1136 694 cujus
1170 647 1329 684 ran-ictas
1365 653 1481 696 primo
1515 653 1653 684 intuitu

379 717 489 750 facile
513 716 797 749 existimabitur.
844 716 890 747 At
914 715 950 746 in
975 714 1072 753 notis
1099 715 1355 756 sequentibus,
1391 715 1521 747 saltem
1555 715 1652 758 apud

379 780 568 813 individua
591 788 671 822 quae
696 777 784 810 mihi
809 777 963 820 contigit
988 775 1350 817 exaunnare,differt
1370 777 1650 820 tripunctatun:

381 844 458 876 scil.
485 843 595 886 hujus
620 846 731 886 caput
756 839 918 874 nonnihil
943 840 1079 877 latius,
1106 839 1282 872 abdomen
1308 828 1455 872 brevius
1480 847 1518 873 et
1545 842 1651 874 robu-

381 908 497 947 stius,
523 905 724 949 segmentis
761 903 970 937 dorsalibus
1005 903 1063 936 320
1089 902 1134 934 ad
1167 903 1270 935 basin
1304 903 1476 946 utrinque
1511 903 1655 936 macula

379 969 463 1002 alba
488 974 699 1001 transverse
721 966 838 1007 ovali‚
862 964 919 1001 4;ο
945 970 1009 998 aut
1034 965 1176 997 macula
1209 965 1394 998 simillima
1419 965 1464 998 ad
1490 972 1654 1000 centrum

379 1031 555 1074 marginis
580 1031 717 1063 basalis
743 1035 807 1062 aut
831 1027 1082 1061 immaculato.
1126 1027 1242 1060 Pedes
1268 1031 1337 1061 toti
1361 1029 1467 1072 nigri.
1500 1029 1654 1063 Alarum

376 1094 505 1126 umbra
538 1093 660 1125 fumea
684 1092 784 1125 limbi
811 1091 964 1134 apiculis
998 1090 1204 1122 saturatius
1239 1091 1457 1124 carbonaria
1490 1102 1596 1135 quam
1618 1094 1654 1126 in

381 1155 424 1189 P.
450 1155 628 1199 rnfipede.

334 1237 446 1269 Forte
458 1243 500 1268 ut
525 1238 685 1271 varietas
711 1235 752 1269 P.
778 1234 955 1281 rufipedis
981 1232 1215 1266 considerata
1240 1243 1261 1264 a
1286 1233 1361 1265 cel.
1390 1232 1654 1280 Shuclcardqui

378 1299 422 1331 de
447 1298 625 1343 rufipedis
649 1299 773 1332 colore
802 1297 882 1331 rufo
908 1296 1124 1342 vaccillante
1149 1295 1202 1328 ita
1230 1295 1564 1330 dixit’'someti1nes
1591 1297 1653 1332 tlte

377 1362 566 1405 posterior
591 1363 670 1406 pair
695 1362 753 1403 (of
777 1361 836 1394 the
862 1362 956 1404 legs)
984 1369 1046 1392 are
1073 1359 1151 1391 also
1178 1358 1279 1401 quite
1305 1357 1448 1394 black.'’

215 1541 263 1597 -..4
429 1549 494 1586 27.
552 1544 768 1598 Pompilecs
798 1542 984 1596 rafipes,
1043 1543 1139 1598 ςζᾭ,
1199 1547 1353 1601 medius
1410 1551 1520 1587 3—4
1580 1548 1652 1587 lin.

288 1633 418 1676 long„
476 1623 590 1671 niger
649 1618 818 1670 pedibus
875 1620 1017 1658 amicis
1074 1620 1380 1668 concolombus,
1452 1623 1653 1672 posterio-

287 1695 401 1733 ribus
431 1699 499 1732 aut
528 1693 668 1732 sallem
698 1693 863 1743 posticis
892 1704 939 1730 ex
959 1697 1073 1742 parte
1104 1692 1259 1741 rubris,
1288 1693 1500 1733 abdomine
1519 1707 1653 1732 macu-

289 1767 339 1806 lis
368 1768 416 1806 ad
448 1769 657 1806 minimum
690 1768 735 1813 3,
766 1765 813 1804 ad
847 1767 1062 1804 maximum
1094 1767 1119 1802 7
1149 1764 1273 1814 albis,
1303 1767 1454 1807 cellula
1483 1767 1652 1807 cubitali

294 1844 355 1880 3:a
387 1842 518 1880 antico
548 1845 608 1879 sat
639 1840 870 1891 angustiore
899 1849 1019 1888 quam
1050 1836 1150 1876 2zda.

331 1942 364 1964 v.
392 1932 425 1964 d.
452 1929 560 1964 Lind.
585 1931 674 1964 obs.
701 1930 733 1964 1.
766 1928 845 1965 329.
881 1927 947 1970 24;
983 1928 1116 1962 Shuck.
1151 1930 1190 1962 F.
1225 1930 1273 1965 H.
1309 1930 1363 1964 58.
1387 1930 1441 1972 9.,
1478 1930 1652 1966 Schiiidte

380 1995 484 2037 Disp.
511 1994 566 2028 31.
593 1993 624 2027 1.

333 2073 453 2108 Maris
496 2081 625 2118 pecten
661 2075 801 2120 torswale
835 2076 990 2119 spinulis
1024 2075 1195 2109 brevibus
1229 2074 1355 2117 paucis
1390 2073 1650 2115 dimum-ibus,

377 2137 558 2170 interdum
586 2139 730 2171 omnino
757 2139 901 2172 albidis.
936 2139 1094 2173 Valvula
1118 2138 1235 2171 analis
1262 2138 1439 2170 venti-alis
1466 2138 1539 2171 late
1565 2140 1651 2172 obo-

379 2206 485 2242 vata,
512 2202 635 2234 carina
660 2201 844 2246 diagonali
871 2201 1033 2242 modica,
1069 2206 1257 2245 segmento
1293 2201 1459 2244 proximo
1493 2201 1538 2234 ad
1572 2204 1651 2236 cen-

375 2270 471 2297 trum
497 2265 671 2308 marginis
697 2265 850 2308 apicalis
876 2263 1057 2308 profunde
1083 2264 1324 2307 emarginato.

329 2343 493 2378 Feminae
518 2350 646 2388 pecten
674 2346 812 2377 tat-sale
837 2347 967 2378 eximie
993 2345 1236 2389 explicatum,
1258 2347 1374 2390 spinis
1400 2345 1519 2390 longis
1544 2348 1651 2380 robu-
1682 2356 1690 2359 ·

397 2486 580 2528 Habitat
606 2492 736 2529 totius
763 2490 935 2543 Europae
967 2491 1170 2530 mensibus
1198 2489 1332 2538 Julio‚
1360 2490 1541 2540 Augusto
1558 2489 1651 2540 plus

223 2598 231 2601 -
285 2565 413 2602 minus
442 2562 634 2614 frequens
663 2569 733 2603 ant
763 2564 941 2616 vulgaris
970 2566 1011 2604 in
1050 2565 1151 2604 locis
1188 2564 1390 2610 arenosis,
1438 2561 1506 2600 ubi
1551 2566 1650 2601 cim-

367 2400 445 2440 ‘stis
471 2407 691 2451 nigrofuscis
716 2409 992 2442 condensatum.
1736 2431 1752 2646 1

284 2637 374 2676 dem
403 2636 565 2691 vivendi
580 2638 740 2678 modurn
753 2669 763 2687 ,
787 2652 834 2680 ac
851 2638 1067 2691 Pompilus
1081 2630 1279 2686 bz'aticus,
1295 2635 1498 2685 trivialis,
1510 2635 1648 2688 plum·
