1752 3172
508 247 742 288 Caraeteres
771 245 984 286 normales.
1216 242 1416 283 xxxvl!

53 362 132 402 diae
160 360 383 400 mediocres
412 362 483 396 aut
517 346 793 404 submit-acne,
826 357 986 406 postieae
1018 355 1242 408 longiores-3
1264 342 1416 395 tantum

54 430 431 486 innTrypoaeylone
447 429 500 468 ob
516 435 696 468 suturam
720 436 985 469 transversam
1003 431 1116 479 quasi
1136 428 1419 468 biarticulatae.

48 525 97 569 ’,ιι
175 502 489 545 Trochanteres
519 516 568 541 ex
602 506 716 542 unica
750 510 791 541 et
820 505 1009 542 continua
1045 508 1156 553 parte
1196 503 1417 545 constituti,

53 577 443 630 mico-cylindrici‚
476 579 628 623 munci,
660 580 791 616 rarius
820 578 968 628 spinosi
1028 572 1209 614 Femora
1255 575 1418 613 susisor-

54 651 148 700 bio,
175 655 401 697 incrassata,
439 650 595 690 clavata
643 655 734 695 etc„
774 652 919 688 mutica
966 654 1035 687 aut
1078 650 1208 686 rarius
1249 650 1419 698 spinosa.

8 748 9 751 =
56 721 188 765 Tn'bt'oe
205 723 657 775 obconico-cytindricae
674 729 742 760 ant
759 723 1230 774 obconico-prisniaticae‚
1246 726 1420 759 tantum-

52 797 171 838 modo
200 801 357 838 anla'coe
386 797 492 848 apud
523 795 746 834 Crabrones
775 795 967 846 quosdam
1013 807 1179 845 squama
1222 805 1420 833 concavo-

8 869 9 873 *
48 883 227 912 convexa
259 873 384 910 instar
413 873 515 910 scuti
547 871 714 909 munita.
756 865 1018 920 Superficies
1050 869 1238 907 tibiarum
1279 867 1418 906 saltem

8 997 9 1004 ἵ
52 945 295 996 posticarum
327 945 411 983 sere
443 956 646 994 nunquam
679 944 782 981 nuda
818 943 879 981 vel
910 942 1422 994 ghrberrima,plerumque

51 1017 223 1069 spinulis
264 1022 335 1056 aut
377 1019 498 1068 spinis
539 1017 724 1067 pluribus
770 1023 840 1054 aut
884 1017 1157 1067 paucioribus,
1203 1014 1423 1065 majoribus

54 1096 125 1132 aut
161 1093 337 1137 minutis,
367 1091 544 1129 robustis
573 1096 641 1128 aut
673 1091 906 1136 subtilibus,
934 1091 1081 1139 sparsis
1111 1094 1180 1126 aut
1210 1091 1420 1128 incertum

53 1165 254 1216 quendam
284 1166 466 1203 ordinem
497 1164 698 1215 dispositis
729 1167 936 1202 instructa.
995 1162 1114 1201 Latus
1144 1165 1338 1213 posticum
1357 1159 1422 1199 vel

54 1239 223 1289 interius
276 1239 382 1277 tibiae
440 1239 602 1288 posticae
661 1250 765 1288 sche
813 1238 960 1276 lineam
1019 1238 1210 1276 sericeam
1272 1235 1424 1286 praebet

54 1311 339 1351 subcuneatam
370 1324 389 1350 a
421 1313 517 1349 setis
545 1311 681 1361 rigidis
711 1313 1074 1361 mici-oscoscopicis
1121 1310 1424 1349 confertissimis

55 1387 329 1436 compositam,
360 1405 408 1412 -—
443 1384 489 1421 ad
535 1383 747 1431 abdomen,
786 1385 868 1422 alas
911 1389 950 1422 et
996 1385 1116 1435 pedes
1158 1382 1425 1435 purificandas

54 1462 310 1513 aptissimam,
339 1470 431 1510 quae
461 1459 584 1507 igitur
618 1454 806 1508 scopula
835 1455 999 1498 tibialis
1029 1459 1193 1497 dicitur.

178 1531 375 1572 Calcaria
406 1534 445 1571 iu
478 1532 580 1570 vivis
611 1530 797 1583 mobilia3
829 1532 925 1571 tibia
972 1534 1102 1572 antica
1154 1533 1328 1575 unicum,
1377 1533 1424 1568 ti-

57 1606 122 1646 hia
154 1607 390 1646 intermedia
432 1607 592 1644 unicum
625 1610 693 1642 aut
723 1605 817 1653 duo,
849 1606 941 1646 tibia
976 1609 1124 1658 postica
1156 1618 1314 1656 semper
1345 1605 1424 1644 duo

54 1679 225 1719 calcaria
258 1679 390 1718 habet.

175 1752 333 1793 calcar
362 1755 547 1796 anticum
579 1754 779 1792 interdum
812 1756 986 1805 reliquis
1015 1754 1233 1800 robustius,
1286 1750 1425 1790 multis

55 1827 245 1879 simplex,
280 1827 483 1866 nonnullis
514 1829 629 1878 apice
663 1827 878 1872 sui-catum,
909 1827 1098 1866 omnibus
1127 1833 1247 1866 extus
1285 1837 1425 1865 arcua-

22 1936 32 1943 ,
55 1909 139 1942 tum
170 1907 211 1940 et
249 1904 357 1941 intus
385 1902 753 1940 concaviusculum:
784 1903 936 1940 cavitas
979 1902 1162 1951 repletur
1194 1899 1424 1939 membrana

55 1978 166 2016 tenui
198 1976 350 2027 pallide
381 1974 581 2025 pellucida
616 1974 775 2013 elastica
808 1986 970 2020 cornea,
1016 1978 1192 2026 margine
1233 1976 1425 2013 inferiore

58 2050 124 2089 vel
157 2050 248 2088 taevi
296 2055 337 2088 et
367 2050 626 2098 integerrima
661 2048 724 2085 vvt
757 2048 969 2087 confertim
1002 2051 1127 2088 instar
1165 2051 1336 2100 pectinis
1367 2050 1425 2086 in·

56 2124 336 2168 eise—dentata,
367 2123 466 2162 int'ra
499 2121 601 2161 hanc
632 2123 736 2160 liaud
767 2134 859 2160 raro
896 2125 1159 2161 continuatur
1205 2123 1341 2162 calcar
1386 2124 1424 2160 in

60 2198 196 2238 tobum
227 2199 421 2249 apicalem
454 2199 516 2236 vel
550 2201 746 2237 inermem
781 2196 842 2234 vel
883 2199 980 2235 setis
1024 2197 1168 2236 validis
1213 2199 1424 2236 munitum.

56 2272 154 2311 Tota
187 2272 270 2311 baec
298 2271 465 2310 calcaris
492 2275 693 2312 structura
726 2275 767 2307 et
797 2276 998 2309 armatura
1042 2272 1306 2323 pecte‘uellus
1336 2269 1425 2309 cal-

59 2348 172 2385 caris·
202 2345 363 2383 dicitur,
870 2332 875 2336 ’

180 2416 380 2457 Calcaria
403 2421 573 2469 postica
603 2419 721 2456 etiam
756 2420 793 2457 in
836 2421 1014 2470 pectines
1056 2425 1095 2457 at
1141 2422 1272 2458 minus
1315 2431 1425 2458 com-

57 2491 192 2542 ptetos
221 2492 413 2537 sormata;
451 2493 598 2529 etenim
660 2491 744 2531 liaee
786 2492 958 2532 calcaria
1005 2500 1097 2532 sunt
1144 2494 1264 2542 magis
1301 2497 1424 2536 recta,

60 2575 134 2604 nec
164 2565 265 2605 infra
298 2564 451 2617 repleta
486 2563 715 2605 membrana
749 2578 894 2605 cornea
934 2566 1179 2605 denticulata
1225 2566 1292 2603 sed
1340 2570 1424 2602 tan-
