1752 3172
552 257 669 298 Ratio
698 256 854 308 Operis,
1290 254 1382 294 Xlll

140 371 370 416 methodum
405 368 675 409 Linnoetmam
705 369 868 418 species
898 366 1095 405 tractandi
1137 370 1181 404 ut
1220 370 1383 404 natura-

26 451 212 492 lia-mam
241 452 281 486 ct
325 446 501 485 omnium
546 443 804 483 clarissimam
851 439 1025 480 fideliter
1067 445 1231 479 secutus
1272 451 1384 484 sumg

26 521 363 578 quemadmodum
397 520 518 569 igitur
549 520 588 556 in
621 514 794 556 Linnoei
820 513 952 553 Fauna
991 514 1185 565 cujusque
1224 515 1389 565 speciei

26 596 279 639 adumbratio
307 606 329 632 e
359 595 385 631 4
417 591 626 644 particulis
654 592 852 629 consistit:
886 592 905 626 l
944 587 1165 641 Diaguose‘,
1196 589 1221 626 2
1253 584 1387 639 Syno-

22 673 164 724 nynu'a
207 669 371 713 selecta.
415 670 439 705 3
490 663 774 704 Habae'ltnt'one
819 668 858 702 et
903 664 929 701 4
981 660 1299 714 Descriptione,
1331 664 1383 700 ita

23 744 196 786 eundem
227 742 408 781 ordinem
441 741 504 779 hic
535 738 654 777 habet
686 737 863 776 libellus.

140 816 182 856 ln
211 817 370 868 scriptis
398 820 533 853 autem
564 815 832 865 systematicis
868 809 1120 849 characteres
1156 806 1333 860 specifici
1364 820 1384 846 a

25 891 167 934 colore
212 895 254 929 et
293 892 449 942 pictura
495 887 735 939 plerumque
777 887 1055 926 desumuntur.
1113 883 1240 932 Quam
1288 893 1385 920 vero

28 967 172 1008 incerti
203 969 245 1003 et
275 962 534 1002 vaccillantes
573 961 672 1000 tales
702 960 958 999 characteres
1001 958 1106 997 haud
1152 969 1243 996 raro
1288 955 1384 994 fiant

25 1050 184 1080 necesse
213 1043 287 1084 est,
316 1039 487 1089 quisque
519 1035 636 1075 facile
668 1035 883 1086 intelligat,
912 1036 982 1086 qui
1008 1037 1218 1084 cognoscat
1237 1037 1387 1070 etcon-

21 1113 173 1153 siden-at
203 1124 324 1166 quom
354 1112 616 1151 inconstantia
647 1109 847 1148 interdum
876 1121 919 1147 se
950 1108 1154 1160 praebeant
1191 1105 1305 1146 color
1345 1110 1388 1143 et

25 1191 181 1241 pictura
213 1185 317 1237 apud
350 1185 556 1224 individua
588 1183 742 1221 diversa
776 1186 896 1221 unius
924 1183 1184 1233 ejusdemque
1223 1181 1387 1231 speciei.

24 1263 69 1302 ln
109 1259 264 1311 singula
308 1271 473 1311 quaque
517 1257 694 1308 diagnosi
739 1256 871 1295 sotem
915 1258 1162 1308 systematici
1206 1255 1386 1295 colorem

25 1337 208 1387 corporis
236 1334 470 1385 primarium
502 1331 660 1376 afferre,
690 1333 809 1369 etiam
842 1332 873 1368 si
906 1330 971 1370 hic
1001 1331 1103 1370 idem
1130 1334 1180 1370 sit
1199 1329 1386 1368 omnibus

26 1409 234 1462 speciebus
264 1407 389 1445 totius
416 1404 586 1444 Generis
615 1410 655 1442 et
686 1404 918 1450 Divisionis3
950 1404 1026 1443 hoc
1055 1410 1098 1443 ut
1132 1404 1384 1455 superfluum

27 1494 131 1534 saepe
162 1482 312 1520 evitavi
343 1477 600 1519 concedendo
629 1480 801 1529 spatium
832 1481 1078 1530 argumentis
1106 1479 1385 1518 characterum

26 1555 290 1609 gravioribus.
356 1554 603 1604 Argumenta
649 1558 781 1592 autem
826 1553 1106 1593 characterum
1152 1554 1382 1606 gravissima

26 1631 130 1677 dico,
160 1641 250 1681 quae
279 1633 391 1666 notas
421 1626 486 1665 vel
517 1626 772 1665 characteres
799 1630 1025 1679 specierum
1046 1630 1387 1668 constantissimos

27 1705 219 1757 praebent.
255 1703 304 1742 Et
318 1702 575 1741 characteres
592 1700 825 1752 Specierum
846 1702 1242 1753 Hymenopterorum
1260 1701 1388 1753 Sphe-

23 1779 253 1819 cit'ormium
286 1779 456 1816 maxime
484 1780 713 1815 constantes
741 1777 1008 1816 desumuntur
1043 1792 1065 1817 e
1096 1768 1270 1830 partium
1300 1787 1389 1815 cor·
1415 1780 1428 1785 Χ

26 1855 137 1906 poris
176 1858 380 1891 structura
421 1856 461 1888 et
499 1848 718 1901 sculptura.
774 1850 1000 1903 Sculpturae
1039 1852 1293 1902 investigatio
1326 1861 1387 1888 se-

29 1930 168 1967 verius
207 1925 382 1964 studium
429 1930 468 1962 et
519 1927 761 1963 tenaciorem
811 1926 1070 1978 deligentiam
1117 1926 1281 1978 quidem
1324 1936 1386 1962 re·

27 2004 166 2054 quirit.
213 2012 333 2052 quam
364 1998 632 2050 superficialis
660 1999 810 2038 cotorts
839 2014 962 2041 vacua
995 2002 1267 2044 enumeratio;
1305 1998 1389 2037 haec

29 2075 178 2116 sterilis
203 2095 256 2102 —
288 2073 358 2112 itta
401 2073 544 2111 sortitis
586 2079 645 2111 cst
683 2079 892 2122 notarum,
935 2088 1107 2128 quarum
1151 2075 1386 2126 dignitatem

29 2149 179 2190 coloris
206 2152 466 2186 enumerator
497 2151 726 2199 perspicere
758 2153 908 2202 nequit.
963 2151 1004 2189 in
1035 2149 1274 2202 quibusdam
1319 2160 1388 2185 au·

33 2230 112 2263 tem
154 2222 368 2275 generibus
409 2222 618 2274 sculptura
673 2227 897 2275 specierum
938 2225 1037 2263 adeo
1066 2222 1286 2263 consimilis
1315 2226 1392 2265 est,

31 2304 75 2337 ut
107 2296 155 2336 ad
184 2296 476 2336 distinctionem
517 2297 741 2349 specificam
773 2299 871 2339 nihil
907 2299 1059 2345 vaieat;
1098 2310 1179 2350 quo
1216 2299 1256 2336 iu
1295 2306 1389 2334 casu

32 2384 104 2410 nos
133 2371 180 2408 ad
213 2370 402 2417 sormam,
441 2373 619 2411 colorem
663 2379 702 2410 et
740 2377 937 2425 picturam
981 2379 1221 2412 convertere
1259 2370 1388 2409 coacti

29 2457 177 2484 sumus.
235 2444 386 2483 Exinde
442 2449 561 2485 etiam
620 2455 785 2498 apparet
824 2454 1054 2500 argumenta
1096 2448 1389 2487 characterum·

31 2531 123 2571 quae
155 2520 234 2559 tttts
264 2521 490 2570 gravissima
521 2522 611 2566 sint,
642 2521 702 2559 his
732 2523 928 2562 levissima
961 2535 1046 2561 esse
1073 2533 1200 2574 posse.
1232 2526 1271 2558 ct
1303 2520 1389 2556 vice

32 2606 158 2634 versa.
173 2592 242 2633 Ex.
255 2606 338 2645 gna
347 2594 425 2645 pud
440 2593 738 2646 crabronidm,
757 2595 851 2636 Pom
853 2595 1028 2650 pile’das,
1044 2592 1306 2648 ,Nyssmeae'dm
1316 2590 1391 2630 ὄις.
