1752 3172
327 195 423 234 xvi
834 193 950 232 Ratio
980 192 1136 244 Operis.

330 308 372 351 1)
405 302 448 341 fit
480 303 669 341 materies
699 304 737 341 in
768 303 1052 355 monographia
1084 299 1319 354 Chrysidum
1352 302 1557 342 tractanda
1590 301 1686 343 Lec-

328 378 485 417 toribus
511 375 592 428 jam
624 381 754 422 antea,
783 376 927 415 saltem
959 381 1127 427 exparte
1157 378 1337 427 cognita3
1381 378 1426 422 2)
1466 379 1498 416 si
1528 374 1713 414 Comes-⁴

329 451 599 504 pondentibus
630 453 726 490 mois
755 450 1019 490 collectiones
1048 463 1139 489 suas
1181 462 1270 488 cum
1302 449 1372 488 illa
1416 449 1686 501 Dispositione

327 537 562 577 comparare
595 524 763 575 placeat,
778 525 935 563 facilius
964 524 1190 574 intelligant
1219 535 1320 575 quas
1347 526 1499 574 species
1530 536 1685 562 mecum

329 600 683 640 communicandas
712 611 796 637 esse
827 611 963 637 necne.
1018 599 1136 637 Tales
1180 610 1278 635 vero
1325 599 1455 636 minus
1497 601 1689 649 cognitas,

329 673 473 713 dubias
503 675 572 711 aut
604 685 727 712 novas
754 672 1148 723 Hymenopterorum
1173 668 1540 724 Sphecqformium,
1559 669 1688 724 Chry-

327 747 611 797 sidiformium
642 752 682 785 et
722 744 1065 797 Vespoeforminm
1094 748 1267 797 species,
1297 750 1418 795 atque
1464 748 1595 784 varias
1638 745 1687 784 de

328 822 561 861 Differentia
594 819 792 871 specifica,
822 820 942 860 Victu
976 819 1315 872 Habitationeque
1347 821 1471 860 factas
1487 818 1688 858 Observa·

330 898 471 940 tiones,
513 895 654 946 quales
694 896 988 933 incrementum
1035 894 1216 944 opusculi
1261 898 1384 934 nostri
1428 893 1688 933 continuandi

327 975 523 1021 augerent
554 968 616 1006 vel
649 973 810 1007 auctum
842 968 1111 1014 illustrarent,
1130 969 1257 1007 velint
1281 971 1407 1008 Amici
1434 968 1688 1020 Entomologi

327 1043 376 1083 ad
391 1043 632 1083 Societatem
658 1041 1015 1093 Entomologorum
1040 1042 1330 1082 Germanorum
1347 1043 1482 1082 Sedini
1499 1043 1689 1090 (Stettin)

329 1118 541 1157 florentem
573 1121 613 1154 et
640 1115 860 1154 secundum
892 1119 1121 1167 praescripta
1153 1116 1331 1167 ejusdem
1348 1117 1561 1156 Societatis
1588 1117 1688 1156 bene

1747 450 1752 487 l

1747 932 1752 1031 ,..-.,,
1737 690 1752 916 -..---4Α.,,

327 1194 501 1244 cognita,
534 1190 704 1240 benigne
736 1192 1022 1228 transmittere.
1064 1190 1324 1238 Transmissa,
1355 1197 1442 1242 post
1472 1203 1602 1238 usum,
1618 1203 1689 1242 per
1750 1232 1752 1237 ,

331 1265 498 1305 eandem
524 1260 634 1302 'viam
667 1262 840 1302 fideliter
871 1267 1089 1306 remittam.

441 1356 491 1395 Et
531 1369 649 1403 nunc,
686 1356 822 1395 Amice
864 1355 1026 1394 Lector!
1073 1358 1230 1395 cantico
1280 1353 1548 1403 Quintiliani
1591 1357 1684 1396 Tibi

328 1431 428 1472 Vale
459 1433 608 1471 dicam:

417 1503 520 1553 Quoe
544 1506 759 1557 proesenti
785 1503 985 1555 opusculo
1018 1503 1169 1543 desunt
1205 1503 1405 1556 suppleat
1430 1507 1557 1550 (Βίας,-

412 1578 512 1620 Non
530 1582 636 1618 enim
655 1576 939 1628 dffereudmu
959 1582 1019 1617 ese
1052 1575 1310 1617 Tirocinizim
1327 1581 1369 1617 in
1389 1574 1689 1624 Senectutem3

412 1651 524 1694 Nam
555 1650 748 1706 quotidie
780 1654 932 1691 crescit
973 1632 1108 1690 metus

414 1725 476 1767 Ec
508 1727 604 1767 dnm
635 1724 932 1774 deliberamus,
962 1724 1130 1779 quando
1161 1721 1448 1775 incipiendum

416 1800 620 1855 Incipere
639 1801 732 1851 jam
761 1813 900 1839 serum
930 1803 1000 1839 sii.

420 1873 565 1923 Quare
583 1874 787 1924 fructum
815 1873 1054 1914 studiorum
1084 1873 1262 1913 viridem

412 1948 474 1990 Et
505 1948 641 1989 adhuc
672 1944 836 1988 dialcem
859 1952 1006 2002 promi
1031 1947 1170 1998 decet,

415 2023 525 2064 Dum
557 2029 600 2063 et
640 2021 774 2063 Venia

413 2096 474 2138 Et
502 2110 597 2151 spes
627 2102 715 2147 est,

414 2170 476 2212 Ec
503 2176 688 2224 paratus
704 2169 845 2221 favor

414 2243 474 2285 El
508 2246 670 2286 audere
699 2259 782 2285 non
814 2243 1008 2284 dedecet.

443 2320 592 2372 Scripsi
626 2320 748 2359 Lund.
776 2319 1000 2359 Svecorum
1031 2320 1070 2358 in
1110 2318 1250 2359 Museo
1292 2315 1574 2356 Universitatis
1615 2311 1692 2351 En·
1750 2334 1752 2348 .

331 2393 574 2447 tomologico
605 2396 641 2435 d.
670 2397 724 2434 24
753 2394 860 2434 Junii
897 2396 1013 2432 1845.

1173 2465 1228 2505 A.
1267 2464 1317 2506 G.
1354 2462 1575 2506 Dahlbom.
