1752 3172
620 217 686 254 23.
722 214 902 263 Agem'a.
1393 212 1438 246 81

169 322 237 362 do;
264 322 442 365 penicillis
478 321 601 356 barbae
640 320 844 354 maxillaris
880 318 1104 362 longissimis
1138 318 1288 361 spissis,
1333 324 1442 351 mcta-

168 391 257 419 noto
283 385 400 429 polito
428 396 537 429 parce
563 384 804 430 punctulato,
831 382 1014 425 (liagonali
1041 381 1165 415 maris.

127 471 315 525 Ρωῃρίἱιιε
339 473 562 518 bifasciatus
587 474 697 508 Fabr.
725 473 823 506 Piez.
853 470 928 506 193.
953 470 1029 510 26.‚
1058 472 1098 504 Ε.
1127 471 1163 503 S.
1191 469 1318 513 Suppl.
1338 465 1343 467 ⁴
1364 467 1441 504 248.

167 537 366 578 165921112.
392 538 456 571 Fn.
484 539 606 572 Germ.
633 537 688 572 86.
729 537 821 570 Tab.
856 534 909 569 11.
953 534 1177 567 certissime!
1228 530 1349 576 Sphex
1395 532 1441 565 bi-

159 599 336 644 fasciam
362 601 467 635 Fabr.
497 602 536 634 E.
564 600 600 635 S.
625 602 701 636 219.
727 599 782 633 58.

198 688 386 731 Habitat
417 693 472 731 'in
503 688 718 740 argillosis·
747 687 919 728 Panzer
949 689 975 728 l.
1004 701 1058 736 e.‚
1090 691 1270 744 inf’agro
1299 690 1443 731 Parisi-

75 768 143 804 no'
174 763 292 804 Fabr.
321 765 346 804 1.
375 778 408 805 c.
467 762 689 814 Utrumque
718 774 858 802 sexum
891 766 929 802 in
959 763 1130 803 floribus
1160 762 1266 802 horti
1310 763 1443 804 Gode-

65 826 172 890 ‘gard
202 836 469 889 Ostrogothiae
498 836 651 875 Sueciae
684 847 819 874 mense
842 835 1022 888 Augusto
1045 836 1442 877 invenitCel.Pros:r

77 909 375 959 Zettmtedt,
405 911 474 961 qui
504 910 720 960 specimina
751 911 898 949 eximia
930 910 1027 950 mihi
1057 910 1163 950 dono
1194 911 1314 952 dedit.
1355 912 1442 964 lpse

75 987 155 1037 legi
202 984 388 1024 seminam
437 986 478 1022 in
527 990 670 1023 trunco
714 983 937 1023 carbonato
980 984 1058 1024 soli
1100 988 1285 1037 exposito
1324 986 1441 1037 juxta

71 1071 218 1112 pagum
247 1055 455 1107 Knafceu
487 1057 701 1109 Lapponiae
732 1056 914 1098 Umensis
943 1058 980 1098 d.
1010 1060 1036 1097 2
1065 1058 1236 1112 Augusti
1268 1062 1386 1099 1832.

123 1155 208 1193 obs,
231 1154 388 1188 Femina
400 1156 454 1187 sui
466 1157 611 1199 generis
624 1157 792 1189 maxima.
817 1157 954 1189 Totum
967 1167 1100 1202 corpus
1113 1158 1241 1191 crebre
1254 1158 1442 1201 punctula-

162 1226 259 1260 tum,
286 1225 462 1263 punctura
492 1218 630 1251 (lorsuli
659 1219 901 1253 subtilissima
926 1225 963 1253 et
996 1221 1155 1265 elegans.
1205 1222 1335 1265 Caput,
1360 1231 1442 1265 pro-

165 1282 316 1321 thorax,
346 1288 530 1321 aternum,
558 1288 783 1314 metanotum
811 1288 849 1316 et
873 1289 1098 1327 segmentum
1134 1284 1337 1317 abdominis
1372 1285 1442 1328 pri-

164 1357 259 1378 mum
286 1345 432 1378 dorsale
457 1346 673 1388 grisescenti
702 1356 810 1388 parce
845 1347 975 1389 pilosa.
1026 1347 1141 1380 Frons
1177 1347 1317 1379 modice
1360 1356 1442 1379 con-

163 1419 266 1449 vexa,
292 1408 485 1441 confertim
513 1409 742 1451 punctulata,
769 1409 865 1442 linea
891 1409 1075 1454 ‹liagonali
1104 1415 1243 1443 tantum
1263 1412 1298 1443 in
1322 1411 1442 1443 tuber-

162 1473 247 1506 culo
273 1483 383 1516 supra
408 1476 586 1503 antennas
612 1471 799 1504 distincta.
850 1473 1026 1517 Utrinque
1052 1474 1147 1506 inter
1189 1475 1361 1506 verticem
1406 1478 1443 1505 et

163 1535 335 1580 anguium
363 1535 458 1567 oculi
485 1534 530 1566 ad
557 1540 697 1566 certum
725 1537 835 1568 situm
862 1536 1009 1569 luminis
1057 1535 1211 1570 difficile
1253 1537 1441 1581 detegitur

164 1597 599 1641 foveolalongitudinalis
614 1598 658 1630 ad
673 1599 816 1631 oculum
829 1599 1015 1641 distincta,
1041 1610 1134 1644 pone
1156 1606 1309 1634 stemma
1327 1601 1442 1644 posti-

165 1673 245 1696 cum
258 1661 488 1695 oblitterata.
509 1663 681 1694 Antennae
695 1662 909 1704 mediocres,
923 1663 1073 1697 thorace
1093 1674 1219 1708 parum
1235 1665 1420 1707 longiores
1433 1688 1442 1703 ,

164 1725 537 1769 cinereo-puberum,
586 1725 827 1769 nigrossuscae‚
877 1727 973 1760 infra
1025 1729 1443 1772 piceo-brunnescentes.

162 1790 323 1833 Clypeus
351 1789 709 1832 punctam-pilosus,
738 1796 822 1823 ante
847 1792 987 1834 apicem
1025 1791 1209 1832 tumidus,
1253 1790 1349 1823 infra
1389 1796 1442 1822 tu-

168 1863 306 1886 morem
333 1859 444 1896 atque
471 1854 566 1885 inter
591 1851 685 1885 hunc
709 1841 746 1886 et
771 1855 969 1896 marginem
997 1854 1172 1898 apicalem
1200 1855 1302 1886 sulco
1329 1859 1445 1886 trans-

169 1927 276 1950 verso
303 1917 478 1949 continuo
505 1917 732 1949 -subiu'cussto
759 1917 875 1960 polito
902 1917 1064 1961 insignis.
1099 1917 1322 1951 Mandibulm
1348 1919 1446 1949 intra

174 1983 314 2026 apicem
343 1979 554 2023 rufopiceae.
606 1979 708 2022 l’alpi
736 1981 901 2015 brunnei.
950 1981 1185 2015 maxillarum
1224 1981 1382 2025 penicilli
1426 1990 1445 2013 e

168 2046 280 2078 barba
307 2046 424 2088 spissa
451 2045 553 2087 picea
580 2044 686 2087 longa
712 2044 918 2076 constituti.
967 2043 1166 2076 Pronotum
1193 2049 1229 2077 et
1255 2043 1444 2076 dorsulum

169 2108 356 2142 subtiliter
383 2108 796 2151 punctulato-coriacea.
846 2106 994 2139 Pronoti
1024 2117 1148 2151 margo
1187 2109 1352 2150 posticus
1395 2107 1444 2139 di-

166 2171 299 2204 stincte
339 2171 792 2214 angulato-emnrginatus.
843 2169 1043 2202 Scutellum
1084 2170 1218 2202 lineola
1260 2170 1445 2213 diagonali

170 2237 294 2273 caret,
320 2233 383 2265 sed
409 2233 554 2266 foveola
580 2233 772 2266 discoidali
810 2233 995 2265 levissima
1037 2233 1328 2289 subinimersnm.
1365 2233 1447 2282 ἱΤε·

168 2297 264 2339 gulae
309 2296 490 2329 brunneae.
539 2297 768 2329 Metanotum
805 2298 1035 2341 inaeqtialiter
1077 2297 1445 2335 cubico-convexum,

171 2361 206 2392 in
233 2359 316 2391 aliis
343 2360 458 2391 minus
485 2359 567 2391 aliis
602 2359 717 2402 magis
743 2359 920 2402 politum,
964 2360 1228 2402 punctulatura
1274 2360 1447 2402 superior

171 2423 355 2459 crebrior,
382 2421 533 2454 inferior
559 2426 595 2453 et
621 2421 764 2464 postica
789 2423 946 2464 parcior.
979 2422 1164 2455 Abdomcn
1185 2421 1448 2464 ovato-ellipti-
1485 2446 1494 2452 ,

171 2475 274 2524 cuin,
303 2485 530 2528 longitudine
557 2483 719 2516 thoracis
743 2493 823 2515 cum
849 2485 990 2527 capite,
1017 2485 1062 2517 ad
1096 2486 1291 2518 maximum
1333 2494 1447 2516 meso-

171 2547 321 2582 thorace
363 2548 544 2588 crassius,
590 2546 731 2580 modice
773 2555 994 2589 convexum,
1037 2549 1278 2582 subtilissime
1321 2556 1448 2591 sparse

1279 2614 1326 2650 ll
