1752 3172
493 213 726 269 Carac‘teres
753 225 969 266 normales.
1297 227 1419 268 XLlll

167 344 206 382 8.
261 338 561 392 Hymenoptera
589 337 879 388 Sphecisormia
901 334 1113 376 Habitant
1132 336 1317 376 omnibus
1332 337 1418 375 fere

58 417 172 464 loeis,
201 417 243 456 in
269 413 410 458 hortis,
440 413 599 463 pascuis
627 416 668 450 et
699 413 837 462 pratis,
881 414 919 451 in
958 412 1110 461 campis
1151 412 1301 462 apertis
1344 410 1420 449 soli

55 489 262 544 expositis,
293 498 384 526 raro
415 488 455 525 in
486 485 589 524 lucis
618 491 658 525 et
689 486 920 525 nemoribus
950 485 1148 524 umbrosis
1185 489 1255 522 aut
1296 484 1420 523 silvis.

55 565 262 615 Praecipue
291 565 509 601 occurrunt
545 560 702 599 feminae
733 563 772 600 in
804 565 909 598 terra
942 571 1106 597 arenosa
1144 563 1214 597 aut
1257 557 1420 610 argilla·

56 650 125 680 cea
157 639 277 682 sicca,
308 640 430 686 atque
462 637 582 673 etiam
615 633 722 685 ligno
755 636 1030 678 vermisecato,
1063 632 1130 670 ubi
1175 632 1421 671 nidulantur.

54 711 235 763 Uterque
262 721 381 749 sexus
409 716 572 761 quoque
602 707 916 759 deprehenditur
946 709 986 746 in
1018 707 1185 746 floribus
1213 714 1420 747 nectarem

53 797 251 839 quaerens,
283 785 347 824 vel
379 787 418 824 in
449 783 556 822 soliis
585 781 808 833 plantarum
840 781 1085 834 melliginem
1127 782 1275 821 ibidem
1323 781 1421 821 lam-

55 861 166 901 bens.

171 970 214 1009 In
244 967 431 1008 omnibus
463 972 661 1006 terrarum
694 969 924 1019 regionibus
956 966 1255 1020 Hymenoptera
1296 964 1421 1016 Sphe-

8 1085 11 1089 ,
56 1044 238 1086 ciformia
270 1047 514 1088 eccum-unu
546 1044 715 1080 maxima
748 1050 881 1082 autem
913 1048 953 1081 et
982 1042 1253 1081 robustissima
1272 1041 1420 1080 sormo—

8 1144 12 1147 -
54 1123 285 1171 sissimaque
318 1119 358 1157 iu
391 1118 507 1156 terris
537 1115 690 1161 calidis,
722 1119 873 1157 minora
904 1124 944 1156 et
974 1115 1155 1155 obsoleta
1188 1119 1225 1155 in
1280 1116 1422 1155 borea-

9 1195 12 1197 *
57 1196 186 1241 libum
215 1194 337 1234 altius
367 1205 484 1244 quam
517 1191 563 1229 ad
595 1191 671 1228 70⁰
705 1190 862 1230 latitud.
907 1190 1081 1230 borealis
1125 1190 1255 1231 adhuc
1292 1189 1419 1228 ullum

31 1255 277 1323 vprocedere
309 1279 385 1306 uon
416 1267 603 1305 viderunt
633 1264 914 1304 observatores
948 1268 1091 1304 itinera
1123 1267 1228 1305 circa
1274 1271 1420 1304 terram

61 1345 268 1384 facientes.

176 1450 474 1505 Hymenoptera
506 1450 795 1502 Sphecii'ormia
827 1452 996 1492 feminea
1039 1452 1130 1491 aliis
1171 1451 1421 1491 antecellunt

46 1525 273 1568 “celeritate
302 1525 505 1572 currendi,
543 1525 758 1565 velocitate
788 1539 879 1565 cum
909 1527 1055 1565 robore
1087 1527 1236 1565 eximio
1267 1527 1306 1564 in
1337 1538 1422 1564 om-

58 1599 174 1641 nibus
203 1598 364 1652 agendis
393 1599 630 1651 conjuncta3
660 1602 792 1639 animo
822 1600 1052 1646 fortissimo,
1082 1600 1247 1640 audacia
1277 1605 1316 1638 et
1333 1604 1421 1638 arte

58 1674 137 1714 alia
170 1676 316 1714 insecta
348 1675 469 1712 etiam
503 1674 630 1712 inulto
672 1674 820 1726 majora
867 1680 908 1712 et
951 1674 1179 1713 robustiora
1224 1675 1421 1726 raptandi,

57 1749 279 1802 paralytica
309 1747 479 1787 faciendi
509 1754 549 1787 et
579 1752 619 1787 in
649 1748 810 1788 domum
843 1754 885 1788 ut
913 1749 1041 1801 spolia
1057 1754 1098 1787 et
1128 1751 1420 1788 nutrimentum

59 1822 230 1875 pullulis
258 1822 502 1874 reportandi.
559 1823 636 1861 Pro
667 1823 740 1862 hac
783 1836 827 1862 re
872 1826 991 1863 etiam
1036 1826 1076 1863 iu
1122 1828 1242 1871 terra,
1286 1836 1423 1867 arena.

59 1897 201 1951 argilla
246 1902 316 1936 aut
362 1896 471 1950 ligno
525 1899 786 1937 vermisecato
829 1898 965 1937 nidum
1009 1898 1184 1949 faciunt3
1237 1897 1422 1936 nonnulli

60 1972 223 2026 quidem
267 1968 623 2024 (Trypoxylotc?)
671 1971 833 2011 tubulos
880 1985 930 2011 ex
983 1972 1124 2024 argilla
1178 1972 1305 2012 factos
1354 1985 1423 2024 cy—

60 2045 251 2087 lindricos
276 2058 395 2097 supra
441 2051 589 2085 terram
620 2051 855 2094 exstruunt;
886 2046 989 2084 baud
1022 2059 1148 2097 pauca
1193 2048 1297 2085 intra
1342 2058 1422 2085 me-

65 2119 217 2160 dullam
248 2120 475 2172 plantarum
508 2121 700 2159 habitant.
756 2119 884 2159 Multa
916 2123 1036 2161 etiam
1071 2122 1322 2172 parasiticam
1365 2122 1422 2159 vi-

66 2199 145 2233 tam
177 2194 334 2246 ferunt3
362 2207 424 2233 ex.
452 2208 509 2246 gr.
537 2195 850 2246 Spbecidarum:
882 2191 1063 2234 thesa
1102 2200 1143 2234 et
1188 2193 1321 2242 Psen3
1368 2218 1419 2224 —

63 2267 398 2320 Pompilidarum:
431 2267 684 2321 Ceropalee3
714 2268 1047 2320 Nyssonidarum:
1084 2267 1283 2320 Gor-yles,
1312 2265 1423 2321 Nys-

64 2353 141 2381 εοη
171 2346 260 2388 οἱα,
289 2340 724 2394 Pemphredouidarum
745 2341 908 2393 Caelia,
927 2340 1128 2396 Sligmus,
1148 2341 1422 2383 Passaloecus

64 2426 169 2463 exp„
198 2427 232 2453 e.
261 2427 290 2453 s.
320 2428 356 2467 p.
414 2415 586 2455 Plurima
619 2424 751 2457 autem
783 2420 904 2457 vitam
949 2423 1196 2457 constantem
1242 2424 1282 2457 et
1325 2419 1422 2458 soli—

65 2491 206 2529 tariam
238 2491 392 2529 vivunt.
419 2490 710 2530 Tantummodo
739 2491 910 2540 Mellini,
940 2492 1148 2531 Bembices
1177 2497 1217 2530 et
1246 2490 1423 2534 Cerceri-

66 2562 136 2603 des
178 2563 384 2603 nonnullae
426 2565 528 2603 intra
574 2565 687 2605 nidos
728 2572 887 2618 gregata
935 2571 1005 2604 aut
1047 2566 1312 2606 subassociata
1357 2578 1423 2605 oc-
