1752 3172
591 237 658 278 46.
693 237 901 279 Cei-certe.
1349 245 1396 283 21
1410 246 1426 283 1

71 351 210 386 notum
242 347 435 396 normali,
465 350 660 388 metanoii
689 351 820 400 spatio
848 348 1083 389 cordil'ormi
1101 351 1296 392 concinne
1313 365 1431 405 parce

70 419 239 473 oblique
267 421 432 468 slriato,
461 421 619 461 sulculo
649 423 849 476 diagonali
881 423 1113 464 latiusculo.

115 491 201 527 Mas
225 493 342 527 adhuc
368 495 529 538 ignotus.
567 511 570 515 ·

112 581 268 616 Femina
293 583 412 627 clypei
441 583 620 615 divisione
646 582 764 614 media
789 582 932 616 elevata
965 586 1319 630 convexo-depressa
1349 589 1430 623 sub-

157 647 348 689 trapezium
374 648 477 690 apice
503 647 718 689 angustiore
745 647 858 679 libera
886 652 1067 682 truncata.

110 731 335 769 Philantlim
361 735 598 780 interruptus
622 735 763 769 Panzer
786 735 849 768 Fn.
877 735 1000 770 Germ.
1026 738 1080 773 63.
1108 736 1161 773 17.
1191 737 1355 775 Cen-ceris
1378 742 1432 777 in—

154 803 329 842 terrupta
355 799 526 832 Vamlerl.
562 800 648 832 Obs.
674 802 707 834 2.
736 799 812 833 113.
838 798 870 832 7.

180 887 362 930 Habitat
395 892 432 930 in
462 868 674 929 Germania
715 891 858 928 rarius.
913 887 974 927 Ad
1022 888 1216 929 Viennam
1255 891 1430 936 Austriae

63 977 84 1004 a
117 963 231 1003 nom.
264 959 334 1002 De
367 961 570 1016 stlegerle
601 962 697 1001 olim
742 963 923 1010 delecta,
971 966 1072 1001 tosto
1120 961 1289 1005 Ponzer
1332 968 1357 1007 l.
1392 983 1428 1011 c.

63 1036 202 1089 Nuper
232 1037 280 1076 ad
310 1036 547 1090 Glogaviam
578 1037 758 1083 silesiae,
803 1049 906 1076 anno
951 1039 1077 1085 1840,
1122 1050 1141 1077 a
1189 1038 1233 1079 D.
1278 1038 1429 1084 Zeller

61 1114 210 1152 ilerum
242 1113 398 1150 inventa
433 1111 612 1162 mihique
645 1110 816 1163 benigne
847 1113 1154 1151 communicata.

112 1210 259 1245 omero.
285 1209 452 1243 Femina.
479 1210 610 1250 Quoad
637 1210 920 1253 magnitudinem
949 1208 1286 1256 Cerc.4-fa⁸c1'alae
1305 1218 1427 1260 proxi-

152 1285 232 1315 ma;
257 1274 302 1307 ad
329 1273 637 1306 constructionem
664 1274 783 1317 clypei
811 1279 847 1306 et
872 1274 1099 1308 valvularum
1126 1279 1285 1312 analium
1323 1278 1423 1314 Cere.

152 1338 380 1373 truncaluloe
406 1337 611 1374 simillima,
640 1336 701 1368 sed
749 1337 794 1370 ab
842 1338 1008 1371 omnibus
1055 1339 1226 1374 affinibus
1274 1349 1428 1388 propter

150 1404 329 1448 picturum
356 1402 521 1444 corporis
546 1401 664 1433 albam
691 1400 924 1445 coloremque
949 1406 1186 1437 antennarum
1212 1411 1250 1439 et
1290 1406 1422 1451 pedum

152 1466 271 1501 rufum
298 1465 470 1499 facillime
496 1465 771 1508 certissimeque
797 1464 1069 1508 distinguenda.

105 1557 225 1600 Caput
247 1555 379 1589 thoi-ax
405 1561 441 1588 et
466 1554 644 1587 abdomen
678 1554 792 1586 nitida
827 1558 1012 1598 punctam.
1062 1556 1181 1599 Caput
1229 1558 1423 1592 rotundius

150 1624 187 1652 et
211 1620 404 1662 angustius
429 1628 534 1661 quam
562 1618 595 1650 in
622 1616 814 1656 affinibus,
840 1622 960 1651 ati-nm
987 1619 1178 1652 confertim
1208 1626 1421 1664 punctatum

144 1681 311 1714 nitidum.
338 1680 561 1716 Mandibulae
587 1679 710 1720 fulvae,
735 1681 1264 1727 basiapicequenigro-picem.
1291 1685 1420 1729 Clypei

144 1744 276 1777 divisio
302 1745 421 1777 media
446 1744 470 1777 l.
498 1743 732 1777 immaculata
756 1744 971 1786 (secundum
997 1745 1152 1779 Panzeri
1202 1747 1420 1792 descriptio-

144 1809 261 1847 nem),
288 1807 312 1840 l.
336 1813 470 1852 puncto
496 1807 648 1840 centrali
676 1807 882 1840 orbiculato
907 1808 991 1842 albo
1017 1810 1068 1850 (in
1095 1811 1291 1853 specimine
1327 1813 1414 1846 Glo-

143 1871 309 1914 gavico),
332 1870 492 1903 nonnihil
519 1871 715 1904 convexior
741 1872 920 1904 elevatior
945 1876 983 1904 et
1031 1872 1183 1906 liberior
1230 1885 1336 1917 quam
1384 1877 1420 1910 in

147 1930 248 1965 Cere.
274 1933 513 1972 truncatum,
560 1938 721 1966 ceterum
770 1933 878 1976 hujus
925 1935 1057 1979 clypeo
1105 1937 1316 1972 conformis.
1365 1940 1416 1973 Ad

145 1995 300 2028 medium
320 1997 492 2040 marginis
517 1996 686 2028 urbitalia
713 1998 844 2029 interni
871 1999 1063 2042 utriusque
1087 2001 1182 2033 oculi
1207 2007 1315 2044 gutta
1341 2002 1416 2035 lon-

143 2059 357 2102 gitndinalis
384 2060 587 2092 lanceolata
614 2060 717 2099 alba;
744 2066 916 2104 punctum
951 2063 1123 2096 concolor
1170 2064 1414 2099 orbiculatum

141 2132 235 2166 pone
260 2124 451 2166 utriusque
477 2123 571 2155 oculi
598 2123 769 2166 angulum
797 2125 1011 2158 verticinum
1039 2127 1071 2159 in
1085 2129 1321 2171 temporibus.
1348 2130 1414 2163 An-

143 2191 260 2219 tennoe
286 2186 416 2226 fulvam
442 2196 572 2230 scapus
598 2188 796 2220 introrsum
830 2187 1177 2231 fusco-maculatum
1225 2190 1410 2235 flagellum

140 2249 235 2282 intra
261 2250 362 2283 basin
389 2255 425 2282 et
451 2251 587 2293 apicem
614 2261 725 2294 supra
752 2262 780 2284 s.
806 2252 926 2284 antice
974 2251 1206 2286 infuscatnm.
1257 2255 1409 2290 Pronoti

142 2322 268 2357 margo
293 2314 456 2356 posticns
482 2313 651 2357 utrinque
675 2315 816 2348 macula
843 2320 1051 2348 transversa
1086 2316 1291 2351 lanceolata
1326 2320 1408 2353 sub-

136 2374 354 2417 humeralis,
380 2376 684 2420 postscutellique
707 2377 860 2411 fasciola
886 2383 1095 2412 transversa
1129 2380 1279 2415 linearis
1325 2383 1408 2416 sub-

133 2448 333 2473 crernorea.
369 2440 522 2483 Tegulae
550 2437 673 2479 ssavoe,
700 2440 776 2473 basi
804 2442 1050 2487 nigro-piceae.
1092 2443 1302 2477 Abdominis
1327 2456 1405 2489 seg-

137 2509 280 2535 menta:
307 2504 437 2537 1zmum
461 2504 631 2546 utrinque
657 2510 790 2547 puncto
816 2505 921 2545 albo,
945 2523 990 2530 —
1021 2503 1165 2546 Quium,
1191 2507 1317 2541 &tium
1366 2515 1404 2542 et

129 2562 243 2602 &tum
269 2569 438 2613 utrinque
463 2574 546 2603 ante
571 2567 767 2611 marginem
794 2568 975 2612 posticum
1010 2567 1153 2603 uincula
1194 2575 1405 2606 transversa
