1752 3172
299 165 408 206 XLII
740 159 971 203 Caracteres
999 162 1216 204 normales.

301 275 419 315 milis.
476 274 614 313 Partes
643 271 827 312 sexuales
853 279 945 312 sunt
973 274 1144 327 forceps,
1176 276 1416 327 praeputium
1446 276 1488 310 et
1540 274 1663 323 penis.

303 345 496 400 Fore-eps
526 359 556 386 s.
588 359 680 398 pars
709 348 878 386 maxime
909 353 1075 388 externa
1106 352 1286 388 continet
1315 358 1430 387 arcus
1453 348 1665 385 2corneos

301 422 535 474 parallelos,
567 433 852 472 nonnunquam
883 423 923 460 in
953 423 1192 474 appendices
1221 422 1286 462 vel
1319 420 1577 461 soliaerormes
1595 419 1663 459 vel

302 496 586 536 aculeisormes
614 497 890 547 continuatos3
920 508 968 534 ex
1001 509 1166 536 arcuum
1199 497 1278 536 basi
1310 497 1502 535 interiore
1522 505 1665 545 proce-

303 570 403 609 dunt
434 581 644 608 mucrones
672 571 698 608 2
742 571 911 609 invicem
956 573 1139 622 oppositi.
1195 571 1302 610 luter
1341 581 1458 608 arcus
1499 567 1666 618 obvenit

303 656 450 695 corpus
481 644 830 683 membranaceum
862 643 1091 696 irregulare
1119 645 1324 685 retractile
1355 642 1464 695 quod
1488 653 1665 695 proepu-

307 722 411 757 tium
443 718 802 765 denominavimus,
832 720 1020 769 quoniam
1052 718 1222 757 includit
1251 729 1409 769 penem,
1446 719 1517 766 qui
1559 727 1664 767 saepe

304 791 521 832 hilabiatus
551 795 727 844 margine
756 791 918 832 ciliatus
956 792 1021 830 vel
1065 792 1295 844 spinulosus
1335 789 1666 840 deprehenditur.

305 865 394 904 Hoc
424 878 600 917 organon
630 866 808 913 sexuale‚
838 879 886 905 ex
919 865 1000 905 illis
1032 867 1161 905 tribus
1191 865 1372 916 partibus
1386 865 1668 914 compositum,

305 940 476 991 quiescit
508 941 546 978 in
578 940 739 979 valvula
772 939 877 979 anali
910 939 1080 978 ventrali
1111 941 1224 991 quasi
1255 941 1294 977 in
1325 935 1497 986 concha,
1527 943 1567 975 et
1608 943 1665 975 te-

307 1016 415 1065 gitur
446 1026 466 1052 a
500 1013 664 1053 valvula
697 1014 803 1053 anali
832 1013 979 1052 dorsali
1010 1016 1122 1065 quasi
1154 1026 1203 1051 ex
1235 1011 1441 1062 operculo.

419 1121 597 1163 Femina
628 1123 868 1176 plerumque
901 1122 1026 1174 major
1056 1121 1345 1161 et‘robustior.
1400 1121 1518 1162 Oculi
1562 1135 1666 1162 sem·

307 1210 378 1249 per
407 1198 612 1237 distantes.
641 1196 812 1250 Clypeus
843 1198 973 1236 latior.
1016 1195 1259 1237 Mandihulae
1289 1195 1480 1234 fortiores
1507 1201 1549 1235 et
1587 1208 1668 1235 ma·

309 1273 368 1323 gis
398 1271 583 1310 dentatae.
641 1272 764 1311 Pedes
794 1284 994 1323 uunquam
1025 1271 1182 1311 scutati.
1237 1270 1349 1308 Tarsi
1381 1271 1503 1309 antici
1542 1270 1670 1321 pluri-

309 1359 375 1385 um
407 1347 613 1397 pectinati.
671 1346 879 1385 Abdomen
910 1347 1080 1384 crassius
1109 1356 1227 1396 quam
1260 1342 1309 1394 (ζ,
1348 1355 1447 1382 anus
1489 1344 1669 1395 plerum-

310 1432 389 1471 que
420 1422 584 1459 couicus
613 1425 654 1459 et
683 1426 835 1459 acutus.
891 1419 987 1458 Pars
1016 1417 1192 1457 sexualis
1222 1417 1391 1456 visibilis
1419 1424 1478 1458 est
1502 1419 1673 1459 aculeus

309 1493 542 1533 retractilis.
571 1492 762 1533 Aculeus
792 1506 813 1532 e
844 1492 998 1531 duabus
1028 1491 1213 1543 partibus
1241 1494 1514 1540 constituitur,
1559 1496 1670 1547 vagi·

310 1581 357 1608 ua
389 1573 430 1606 et
460 1567 603 1607 aculeo
633 1569 810 1619 proprio.
858 1565 1022 1620 Vagina
1051 1566 1182 1606 aculei
1213 1565 1396 1604 stibulata
1427 1572 1542 1606 estet
1561 1579 1670 1607 com-

308 1645 436 1694 posita
469 1655 490 1681 a
521 1641 677 1680 duabus
706 1640 926 1680 lamellulis
955 1642 1348 1681 convexo-concavis
1379 1640 1564 1680 tubulum
1594 1653 1669 1692 pro

311 1716 443 1756 libero
473 1718 585 1755 exitu
616 1721 656 1753 et
686 1715 818 1754 reditu
860 1714 992 1755 aculei
1022 1715 1176 1766 proprii
1221 1716 1378 1753 inanem
1421 1714 1667 1765 conjunctim

310 1790 503 1829 efficiunt.
559 1788 737 1828 Aculeus
768 1792 955 1841 proprius
983 1788 1196 1827 subulatus
1234 1789 1353 1827 etiam
1399 1802 1418 1827 a
1451 1788 1671 1828 lamellulis

310 1866 350 1912 2,
379 1865 536 1904 corneis
565 1865 716 1915 vaginae
747 1864 962 1904 simillimis
991 1862 1377 1902 licetsubtilioribus
1391 1864 1672 1916 componitur3

312 1950 413 1990 apex
444 1937 576 1977 aculei
602 1931 810 1989 ¹nunquam
852 1943 1122 1982 mucronum,
1152 1948 1311 1987 semper
1357 1948 1454 1975 vero
1498 1939 1671 1976 muticus

311 2011 460 2052 evadit.
516 2011 623 2050 lutra
653 2018 901 2063 segmentum
933 2011 1047 2050 anale
1090 2010 1201 2049 adest
1246 2011 1418 2050 vesicula
1466 2011 1670 2050 venenife-

314 2096 382 2138 ra3
411 2097 514 2137 quae,
545 2097 616 2136 per
646 2092 820 2126 meatum
837 2086 1255 2131 subtilem‚venenum
1273 2087 1311 2124 in
1328 2085 1513 2124 aculeum
1533 2091 1573 2124 et
1597 2097 1671 2137 per

316 2160 500 2201 aculeum
533 2161 572 2199 iu
603 2159 752 2199 vulnus
781 2160 961 2200 effundit.
989 2158 1048 2199 Ad
1073 2159 1181 2200 basin
1199 2160 1458 2200 aculciadest
1477 2172 1572 2199 vera
1588 2159 1673 2201 clo-

316 2249 400 2283 aca,
427 2237 464 2274 in
496 2225 617 2286 quani
648 2235 723 2273 sub
751 2236 896 2287 copula
928 2237 1048 2275 maris
1062 2234 1239 2287 genitale
1262 2238 1397 2283 inu-at,
1418 2246 1467 2273 ex
1486 2246 1564 2287 qua
1582 2240 1673 2288 post

316 2308 504 2361 copulam
534 2321 607 2347 ova
627 2311 852 2360 pariuntur.

434 2420 492 2460 De
521 2418 779 2460 Habitatione
809 2434 858 2461 eo
885 2423 1074 2473 pauciora
1107 2418 1228 2458 verba
1261 2418 1414 2464 faciam,
1443 2417 1552 2468 quod
1569 2418 1674 2458 banc

319 2508 403 2536 rem
435 2507 509 2548 pro
523 2493 677 2546 singula
707 2508 869 2548 quaque
899 2498 1030 2549 specie
1057 2505 1161 2545 saepe
1179 2492 1322 2532 diffuse
1339 2494 1560 2533 enuntiavi.
