1752 3172
582 219 649 263 40.
686 220 890 263 Bembesv.
1340 229 1419 267 1⁷5

52 338 134 378 nidi
166 348 244 377 non
273 335 402 376 sotum
434 334 582 376 multos
612 349 698 377 esse
729 343 771 377 et
810 336 1038 387 elongatos,
1083 334 1150 373 sed
1193 335 1314 373 etiam
1356 348 1419 375 ra—

59 422 191 451 mosos
219 412 245 450 i.
274 421 310 448 e,
349 407 535 460 pluribus
578 410 812 450 introitibus
869 416 910 449 et
967 409 1144 448 exitibus
1202 410 1422 448 instructos

51 483 198 525 exinde
254 481 474 530 concludo,
532 484 640 536 quod
699 497 790 524 cum
861 484 1067 523 Bembices
1136 485 1174 520 in
1243 480 1417 533 ejusmo-

51 558 92 598 di
134 555 367 596 cuniculum
412 558 608 598 intrantes
651 570 756 610 saepe
803 558 949 597 multos
992 569 1084 596 mox
1127 561 1289 596 secutus
1330 568 1419 594 sum

50 631 204 676 cultro,
233 642 441 682 nunquam
473 634 546 671 nisi
589 634 703 672 unica
748 631 869 671 allata
918 635 1004 672 vice
1047 630 1257 682 exploravi
1303 629 1420 681 quid-

51 716 202 758 quamt,
231 707 380 745 etenim
411 706 487 745 sub
519 712 665 746 terram
710 718 797 745 sese
841 705 1140 745 subduxerunt.
1196 704 1248 741 At
1292 716 1417 755 quum

52 779 315 819 nihilominus
340 782 489 830 optima
521 778 591 831 spe
623 780 822 826 foderem,
855 784 898 817 ut
933 778 1022 816 illas
1068 778 1319 821 invenirem,
1368 789 1417 815 ex

51 852 132 893 alio
161 854 271 893 exitu
303 854 450 904 egressi
483 854 744 901 revelarunt,
774 857 1031 892 susurrantes
1060 851 1173 902 quasi
1208 852 1298 890 irati
1345 852 1418 890 mi-

53 927 94 967 bi
125 926 233 980 asyla
266 928 442 978 ipsarum
475 930 660 968 vastanti.
697 926 919 967 Observavi
951 927 1072 965 etiam
1089 926 1305 976 specimina
1325 935 1420 962 non—

49 1000 160 1041 nulla
192 1000 317 1040 larvis
345 999 492 1039 Melois
523 1001 627 1040 male
658 1001 820 1042 insecta.
876 1000 972 1040 Haec
1001 997 1244 1039 animalcula
1280 997 1418 1037 volatu

50 1075 216 1128 proprio
247 1073 376 1113 veloci
403 1079 442 1112 et
473 1077 668 1114 continuo
698 1077 865 1128 insignia
897 1074 964 1113 vel
1011 1085 1152 1113 sonum
1198 1074 1418 1124 pipientem

51 1160 162 1188 more
191 1147 467 1199 Syrphorum,
500 1149 563 1187 vel
593 1157 756 1189 cantum
786 1149 918 1201 Apum
941 1148 1270 1197 Bomborumque
1290 1158 1415 1192 more,

49 1222 293 1274 producunt.
351 1220 451 1269 Quae
484 1228 528 1261 ut
555 1235 597 1261 se
629 1223 839 1262 observata
887 1222 991 1261 sorte
1035 1220 1418 1268 animadverterint,

51 1307 73 1334 e
103 1295 198 1335 nido
227 1294 411 1343 evolant,
449 1298 555 1336 circa
589 1296 891 1336 observatorem
921 1302 1088 1334 strenue
1120 1295 1272 1339 (veluti
1303 1294 1420 1333 Bom-

54 1368 114 1416 bi)
143 1375 415 1415 susurrantes,
457 1369 601 1409 deinde
659 1371 895 1409 festinanter
954 1372 993 1409 in
1051 1374 1186 1408 aerem
1243 1368 1419 1407 volando

51 1444 294 1483 auferuntur
324 1456 346 1482 e
376 1450 592 1496 conspectu
624 1450 661 1483 et
694 1456 869 1496 propere
901 1446 1047 1483 iterum
1079 1445 1312 1494 iterumque
1353 1455 1418 1481 re-

58 1523 289 1558 vertuntur.
346 1516 408 1556 Sit
437 1522 639 1569 spectator
670 1519 722 1557 ila
749 1518 968 1557 immobilis
998 1523 1042 1556 ut
1070 1530 1163 1556 eum
1190 1528 1275 1556 esse
1309 1521 1422 1555 trun-

50 1605 141 1633 cum
172 1593 427 1643 existiment3
459 1594 510 1631 ita
541 1591 701 1630 demum
734 1593 772 1630 in
803 1591 941 1631 nidum
972 1605 1014 1631 se
1039 1591 1420 1631 denuodemittuut.

49 1663 298 1716 Copulantur
323 1669 438 1704 extra
485 1665 647 1712 nidum;
693 1665 837 1705 semina
885 1671 1034 1706 terram
1079 1667 1252 1717 primum
1298 1666 1418 1716 petit,

51 1751 160 1778 mare
189 1750 311 1790 supra
344 1738 456 1777 illam
488 1739 628 1790 paullo
658 1745 915 1786 susurrante.
946 1740 1150 1779 interdum
1181 1750 1346 1791 quoque
1379 1740 1417 1777 in

50 1823 143 1851 aere
172 1811 317 1851 ludunt
345 1812 583 1863 conjunctae.
641 1814 787 1853 Nidum
819 1815 1017 1854 intrantes
1047 1813 1193 1852 semina
1238 1812 1413 1864 plerum*

52 1897 132 1937 que
164 1897 314 1925 marem
343 1886 556 1926 antecedit.

102 1992 247 2028 Observ.
294 1993 453 2038 Propter
486 1996 711 2039 pilositateni
761 1996 922 2030 thoracis
974 1993 1418 2037 testaceo-grisescentem

143 2069 172 2091 ιι.
197 2058 376 2091 cinei-cani
403 2058 505 2091 color
529 2061 697 2104 corporis
723 2061 919 2105 primarius
953 2059 1055 2102 niger
1101 2062 1141 2089 ut
1188 2062 1226 2089 et
1275 2057 1418 2101 pictura

144 2119 252 2154 facile
277 2121 404 2154 oculos
429 2120 634 2167 etr-iginum
669 2124 746 2157 scil.
796 2123 941 2168 promiti
991 2130 1119 2163 margo
1167 2120 1333 2163 posticus
1382 2125 1420 2153 ek

143 2184 374 2227 scapularum
401 2185 554 2227 linibus,
598 2187 805 2230 tegularum
853 2187 975 2225 basis,
1024 2183 1157 2217 sti-iota
1206 2187 1418 2216 transversa

144 2247 376 2291 postocutelli
403 2258 469 2281 nec
494 2260 563 2283 non
588 2252 763 2284 metanoti
790 2250 942 2283 maculae
966 2251 989 2284 2
1012 2252 1077 2280 aut
1101 2245 1122 2281 4
1148 2246 1332 2290 plerisque
1359 2246 1418 2280 ssa-

145 2320 187 2341 ra
212 2316 419 2343 occurrunt.
468 2312 607 2357 Ubique
632 2313 954 2358 deprehenduntur
980 2312 1081 2344 vari-a
1108 2309 1292 2342 individua
1341 2309 1418 2343 tho-

147 2382 230 2406 race
255 2374 356 2407 varie
382 2375 480 2418 picta
505 2377 527 2408 ἰ.
553 2386 583 2409 e.
610 2378 753 2420 pictura
780 2376 941 2411 thoracis
967 2375 1218 2408 demonstrata
1246 2373 1328 2416 plus
1357 2375 1418 2406 mi-

147 2447 213 2468 nus
238 2437 445 2481 explicata,
472 2443 512 2471 ut
538 2439 689 2472 macutus
714 2450 794 2483 qum
821 2441 855 2474 in
881 2450 951 2472 uno
977 2438 1233 2476 inveniuntur,
1261 2437 1295 2469 in
1329 2437 1419 2470 alte-

147 2509 189 2533 ro
215 2500 485 2541 disiilerantur3
511 2511 636 2535 omues
663 2512 748 2536 vero
773 2512 967 2547 numquam
993 2502 1146 2539 absunt,
1182 2500 1307 2543 plures
1355 2508 1421 2536 aut

146 2563 302 2608 plurimo
329 2569 600 2598 numer-alarum
628 2567 771 2601 adsunt.
821 2566 927 2600 Oculi
954 2567 1145 2608 utriusque
1171 2573 1278 2598 sexus
1304 2566 1337 2598 in
1376 2568 1422 2598 vi·
