1752 3172
332 193 371 233 Χ
863 193 976 232 Ratio
1005 191 1160 245 Operis.

334 308 511 354 'quaque
543 301 619 340 alia
652 304 833 354 corporis
862 309 974 354 parte
1004 303 1234 342 eliciuntur.
1289 303 1499 342 Structura
1530 316 1696 357 quoque

332 381 386 414 ”et
416 378 616 415 connexio
645 388 886 427 organorum
917 380 998 414 oris
1027 377 1127 415 adeo
1157 390 1250 416 sane
1283 377 1513 428 multiplex,
1551 385 1593 417 ut
1638 380 1696 419 fa-

331 454 409 489 'cta
441 449 740 489 adcuratissima
772 451 1073 495 observatione,
1111 453 1257 490 exinde
1298 454 1432 503 potius
1466 463 1697 503 quaereren-

331 529 413 562 ’tur
457 528 560 561 notae
589 526 815 574 specierum
847 537 965 576 quam
995 538 1205 576 gencrunm
1237 526 1408 577 ideoque
1439 526 1606 566 forsitan
1636 532 1695 565 tot

331 602 494 648 ’genera
540 603 641 648 quot
683 600 836 649 species
875 623 926 629 —
973 600 1009 638 id
1054 600 1162 650 quod
1206 599 1417 649 Systemati
1463 602 1586 652 magis
1623 613 1695 640 no-

330 675 439 711 ”cere
496 682 616 722 quam
647 674 834 723 prodesse
871 672 961 723 jure
1005 679 1181 723 putatur.
1226 694 1692 704 ——————

329 745 497 784 ”Verum
527 747 635 784 enim
695 758 791 784 vero
840 749 877 785 in
917 747 1111 796 ejusmodi
1150 747 1407 785 subtilissima
1448 747 1695 798 disquisitio-

330 823 415 864 ”ne‚
445 818 494 857 de
524 830 594 865 e0‚
623 819 731 870 quod
760 819 897 859 Genus
934 821 1132 872 appellari
1171 819 1313 867 debet,
1352 833 1567 872 numquam
1607 835 1695 861 cer-

331 895 470 932 ”tiores
503 891 590 931 fieri
634 906 855 945 possumus.
912 895 1078 935 Accedit
1108 893 1214 946 quod
1245 899 1472 933 caracteres
1501 908 1694 947 generum

330 972 368 1007 ”a
408 967 588 1019 partibus
642 970 723 1007 oris
769 968 963 1015 desumti,
1002 980 1081 1006 non
1119 969 1202 1005 sine
1245 970 1413 1008 maxima
1452 969 1694 1008 difficultate

330 1047 386 1083 'et
430 1043 611 1081 moiestia
655 1048 862 1080 eruantur.
917 1041 1058 1081 Obstat
1098 1044 1284 1081 nimirum
1334 1045 1586 1095 exiguissima
1627 1055 1694 1082 ea·

330 1122 434 1156 'rum
464 1117 749 1159 conformatio,
790 1117 830 1154 in
863 1117 1079 1155 individuis
1117 1119 1331 1156 exsiccatis
1365 1121 1621 1169 eorrugan,
1651 1124 1694 1156 et

330 1193 452 1230 ’facta
490 1190 809 1229 subdissectione
858 1191 1082 1236 mutilatio,
1142 1191 1245 1229 unde
1302 1193 1342 1230 iu
1385 1202 1546 1229 errores
1591 1204 1695 1230 sem-

330 1269 418 1318 ”per
448 1265 690 1305 inducantur
719 1264 1001 1303 observatores
1041 1277 1202 1303 neccsse
1243 1271 1301 1302 est
1306 1289 1691 1303 ——————

332 1339 394 1379 ”Ei
425 1339 598 1390 denique
632 1342 670 1379 in
701 1338 818 1389 cujus
858 1350 938 1376 rem
965 1344 1024 1376 cst
1056 1343 1114 1375 tot
1134 1339 1261 1377 mittia
1281 1339 1580 1378 individuorum
1599 1352 1695 1379 con-

332 1414 537 1465 ''templari
567 1420 606 1452 et
639 1416 744 1453 inter
773 1425 815 1451 se
845 1425 1102 1462 comparare,
1144 1414 1228 1452 baec
1273 1419 1384 1450 notas
1426 1414 1690 1464 investigandi

333 1490 452 1527 ”ratio
483 1491 697 1527 maximum
730 1487 891 1525 adferre
922 1487 1042 1524 debet
1073 1487 1231 1525 taedium
1265 1489 1538 1538 temporisque
1565 1486 1696 1537 jactu-

332 1566 444 1600 'ram.
513 1560 784 1609 Quamobrem
845 1562 1121 1612 unusquisque
1182 1561 1230 1598 de
1289 1560 1485 1610 ejusmodi
1544 1572 1693 1612 genere

334 1636 569 1688 'quidquam
602 1648 800 1688 quaerens,
829 1631 1014 1673 habitum
1044 1637 1100 1673 sic
1143 1634 1293 1674 dictum
1337 1636 1535 1685 sequitur.
1593 1633 1693 1672 Ean-

333 1711 524 1761 ”demque
556 1712 659 1749 viam
692 1712 819 1761 ipsum
852 1704 1093 1748 Fabricium
1123 1714 1304 1747 secutum
1335 1721 1436 1753 esse,
1485 1713 1693 1758 postquam

332 1789 461 1823 ”notas
489 1784 694 1836 cujusdam
725 1785 884 1834 generis
913 1783 962 1821 ab
992 1795 1072 1821 uno
1103 1783 1282 1821 alterove
1313 1782 1521 1821 individuo
1538 1783 1696 1820 adsum-

333 1861 459 1900 ”serit.
491 1860 737 1897 verissimum
768 1864 840 1896 est.
868 1856 1070 1906 Ejusmodi
1100 1857 1309 1896 character
1340 1859 1497 1907 generis
1519 1857 1568 1895 ad
1584 1857 1691 1908 quod

332 1933 542 1984 ‘'prodest?
572 1956 623 1961 —
655 1957 705 1962 m
737 1956 787 1961 --
820 1955 872 1961 --
913 1932 1048 1983 Satius
1091 1933 1213 1982 igitur
1244 1931 1444 1978 duximus,
1475 1931 1523 1970 ad
1570 1936 1693 1970 totam

330 2008 528 2057 “corporis
555 2011 798 2045 structuram
831 2006 1006 2044 animum
1038 2006 1258 2050 attendere,
1289 2007 1481 2056 imprimis
1521 2004 1569 2043 ad
1589 2005 1697 2055 ejus-

333 2081 455 2120 ’modi
487 2087 639 2132 partes,
669 2092 758 2131 quae
789 2080 1038 2118 ‹litterentias
1066 2085 1106 2116 et
1136 2085 1250 2117 notas
1286 2080 1621 2118 constantissimas
1652 2085 1696 2118 ut

331 2157 388 2194 'et
418 2158 586 2194 inventu
616 2154 827 2193 facillimas
855 2152 1181 2204 suppeditabunt.
1226 2153 1266 2191 in
1299 2153 1358 2191 his
1388 2157 1697 2200 antennae,ocu-

332 2231 399 2278 Ἥ,
448 2230 589 2282 pedes,
636 2229 732 2272 alae.
773 2229 1037 2278 corporisque
1079 2229 1202 2266 totius
1241 2227 1366 2265 forma
1415 2227 1508 2277 jure
1552 2240 1694 2266 nume-

333 2308 515 2344 'ranturl

455 2375 684 2427 Slmclund,
716 2378 753 2416 in
783 2374 997 2414 ”Fossorial
1031 2373 1344 2425 Hymenoptera’
1378 2374 1427 2413 de
1443 2375 1601 2425 organis
1616 2376 1697 2412 oris

334 2456 388 2494 ita
420 2454 615 2506 loquitur,
645 2464 732 2504 pag.
761 2450 818 2489 lX
863 2455 940 2488 etc.
995 2449 1053 2487 ’ln
1099 2447 1164 2486 the
1209 2451 1372 2500 genet-ie
1417 2449 1695 2498 descriptions,

333 2529 364 2568 Ἰ
396 2529 496 2567 have
527 2526 692 2566 omitted
724 2525 789 2563 the
821 2522 986 2563 cibaria!
1021 2535 1176 2574 organs,
1220 2524 1319 2561 with
1368 2523 1433 2560 the
1477 2523 1692 2573 exception
