<?xml version="1.0" encoding="UTF-8"?>
<!DOCTYPE html PUBLIC "-//W3C//DTD XHTML 1.0 Transitional//EN"
    "http://www.w3.org/TR/xhtml1/DTD/xhtml1-transitional.dtd">
<html xmlns="http://www.w3.org/1999/xhtml" xml:lang="en" lang="en">
 <head>
  <title>
</title>
<meta http-equiv="Content-Type" content="text/html;charset=utf-8" />
  <meta name='ocr-system' content='tesseract 3.04.00' />
  <meta name='ocr-capabilities' content='ocr_page ocr_carea ocr_par ocr_line ocrx_word'/>
</head>
<body>
  <div class='ocr_page' id='page_1' title='image "./hymenopteraeurop01dahl_0133.png"; bbox 0 0 1752 3172; ppageno 0'>
   <div class='ocr_carea' id='block_1_1' title="bbox 609 202 1459 256">
    <p class='ocr_par' dir='ltr' id='par_1_1' title="bbox 609 202 1459 256">
     <span class='ocr_line' id='line_1_1' title="bbox 609 202 1459 256; baseline 0.001 -13"><span class='ocrx_word' id='word_1_1' title='bbox 609 206 675 243; x_wconf 82' lang='lat'>22.</span> <span class='ocrx_word' id='word_1_2' title='bbox 710 202 938 256; x_wconf 76' lang='lat' dir='ltr'>Pompilm.</span> <span class='ocrx_word' id='word_1_3' title='bbox 1408 209 1459 244; x_wconf 76' lang='lat'>73</span> 
     </span>
    </p>
   </div>
   <div class='ocr_carea' id='block_1_2' title="bbox 123 312 1459 474">
    <p class='ocr_par' dir='ltr' id='par_1_2' title="bbox 123 312 1459 474">
     <span class='ocr_line' id='line_1_2' title="bbox 183 312 1459 357; baseline 0.002 -11"><span class='ocrx_word' id='word_1_4' title='bbox 183 313 319 357; x_wconf 82' lang='lat' dir='ltr'>pictum</span> <span class='ocrx_word' id='word_1_5' title='bbox 344 315 411 344; x_wconf 76' lang='lat' dir='ltr'>aut</span> <span class='ocrx_word' id='word_1_6' title='bbox 433 321 533 355; x_wconf 72' lang='lat' dir='ltr'>segni</span> <span class='ocrx_word' id='word_1_7' title='bbox 574 314 701 348; x_wconf 83' lang='lat' dir='ltr'>3:tium</span> <span class='ocrx_word' id='word_1_8' title='bbox 728 317 846 345; x_wconf 79' lang='lat' dir='ltr'>totum</span> <span class='ocrx_word' id='word_1_9' title='bbox 872 312 1013 356; x_wconf 84' lang='lat' dir='ltr'>nigrum</span> <span class='ocrx_word' id='word_1_10' title='bbox 1040 313 1203 356; x_wconf 85' lang='lat' dir='ltr'>margine</span> <span class='ocrx_word' id='word_1_11' title='bbox 1237 312 1353 346; x_wconf 82' lang='lat' dir='ltr'>basali</span> <span class='ocrx_word' id='word_1_12' title='bbox 1398 324 1459 348; x_wconf 87' lang='lat' dir='ltr'>an-</span> 
     </span>
     <span class='ocr_line' id='line_1_3' title="bbox 123 368 1458 423; baseline 0.002 -14"><span class='ocrx_word' id='word_1_13' title='bbox 123 375 134 383; x_wconf 84' lang='lat'><strong><em>‘</em></strong></span> <span class='ocrx_word' id='word_1_14' title='bbox 183 374 394 423; x_wconf 76' lang='lat' dir='ltr'>gustissiiue</span> <span class='ocrx_word' id='word_1_15' title='bbox 420 368 618 411; x_wconf 79' lang='lat' dir='ltr'>rufescens.</span> <span class='ocrx_word' id='word_1_16' title='bbox 667 377 838 410; x_wconf 83' lang='lat' dir='ltr'>Ceterum</span> <span class='ocrx_word' id='word_1_17' title='bbox 863 378 960 410; x_wconf 83' lang='lat' dir='ltr'>notis</span> <span class='ocrx_word' id='word_1_18' title='bbox 985 376 1198 410; x_wconf 73' lang='lat' dir='ltr'>nexualibus</span> <span class='ocrx_word' id='word_1_19' title='bbox 1232 378 1458 412; x_wconf 81' lang='lat' dir='ltr'><strong>normalibus</strong></span> 
     </span>
     <span class='ocr_line' id='line_1_4' title="bbox 180 435 499 474; baseline -0.016 0"><span class='ocrx_word' id='word_1_20' title='bbox 180 440 289 474; x_wconf 84' lang='lat' dir='ltr'>modo</span> <span class='ocrx_word' id='word_1_21' title='bbox 314 435 499 471; x_wconf 80' lang='lat' dir='ltr'>differens.</span> 
     </span>
    </p>
   </div>
   <div class='ocr_carea' id='block_1_3' title="bbox 691 530 875 540">
    <p class='ocr_par' dir='ltr' id='par_1_3' title="bbox 691 530 875 540">
     <span class='ocr_line' id='line_1_5' title="bbox 691 530 875 540; baseline 0 0"><span class='ocrx_word' id='word_1_22' title='bbox 691 530 875 540; x_wconf 95' lang='lat' dir='ltr'> </span> 
     </span>
    </p>
   </div>
   <div class='ocr_carea' id='block_1_4' title="bbox 18 606 1461 1056">
    <p class='ocr_par' dir='ltr' id='par_1_4' title="bbox 18 606 1460 663">
     <span class='ocr_line' id='line_1_6' title="bbox 18 606 1460 663; baseline 0 -13"><span class='ocrx_word' id='word_1_23' title='bbox 18 606 111 657; x_wconf 31' lang='grc' dir='ltr'>ἡνί’·</span> <span class='ocrx_word' id='word_1_24' title='bbox 207 612 272 650; x_wconf 83' lang='grc'>35.</span> <span class='ocrx_word' id='word_1_25' title='bbox 303 609 521 662; x_wconf 74' lang='lat' dir='ltr'>Pompilus·</span> <span class='ocrx_word' id='word_1_26' title='bbox 545 606 854 661; x_wconf 76' lang='lat' dir='ltr'>chalyhoeatm:</span> <span class='ocrx_word' id='word_1_27' title='bbox 877 609 1031 649; x_wconf 88' lang='lat' dir='ltr'>medius</span> <span class='ocrx_word' id='word_1_28' title='bbox 1046 611 1230 663; x_wconf 48' lang='lat'>(23-33</span> <span class='ocrx_word' id='word_1_29' title='bbox 1248 609 1318 650; x_wconf 88' lang='lat' dir='ltr'>lin.</span> <span class='ocrx_word' id='word_1_30' title='bbox 1337 622 1460 650; x_wconf 88' lang='lat' dir='ltr'>mens.</span> 
     </span>
    </p>

    <p class='ocr_par' dir='ltr' id='par_1_5' title="bbox 88 683 1458 737">
     <span class='ocr_line' id='line_1_7' title="bbox 88 683 1458 737; baseline 0 -13"><span class='ocrx_word' id='word_1_31' title='bbox 88 684 204 724; x_wconf 84' lang='lat' dir='ltr'>Suec.</span> <span class='ocrx_word' id='word_1_32' title='bbox 235 684 362 737; x_wconf 82' lang='lat' dir='ltr'>long.)</span> <span class='ocrx_word' id='word_1_33' title='bbox 393 686 506 737; x_wconf 85' lang='lat' dir='ltr'>niger</span> <span class='ocrx_word' id='word_1_34' title='bbox 536 683 762 722; x_wconf 85' lang='lat' dir='ltr'>abdominis</span> <span class='ocrx_word' id='word_1_35' title='bbox 791 683 881 723; x_wconf 78' lang='lat' dir='ltr'>rusa</span> <span class='ocrx_word' id='word_1_36' title='bbox 913 686 1072 736; x_wconf 81' lang='lat' dir='ltr'>pictura</span> <span class='ocrx_word' id='word_1_37' title='bbox 1103 683 1298 733; x_wconf 85' lang='lat' dir='ltr'>normali,</span> <span class='ocrx_word' id='word_1_38' title='bbox 1324 683 1458 724; x_wconf 77' lang='lat' dir='ltr'>fronte</span> 
     </span>
    </p>

    <p class='ocr_par' dir='ltr' id='par_1_6' title="bbox 88 756 1457 810">
     <span class='ocr_line' id='line_1_8' title="bbox 88 756 1457 810; baseline -0.001 -12"><span class='ocrx_word' id='word_1_39' title='bbox 88 771 232 810; x_wconf 87' lang='lat' dir='ltr'>parum</span> <span class='ocrx_word' id='word_1_40' title='bbox 263 771 467 805; x_wconf 83' lang='lat' dir='ltr'>convexa,</span> <span class='ocrx_word' id='word_1_41' title='bbox 511 758 696 796; x_wconf 77' lang='lat' dir='ltr'>antennis</span> <span class='ocrx_word' id='word_1_42' title='bbox 742 756 1035 806; x_wconf 83' lang='lat' dir='ltr'>mediocribus,</span> <span class='ocrx_word' id='word_1_43' title='bbox 1088 757 1241 798; x_wconf 90' lang='lat' dir='ltr'>cellula</span> <span class='ocrx_word' id='word_1_44' title='bbox 1286 757 1457 798; x_wconf 80' lang='lat' dir='ltr'>cubitali</span> 
     </span>
    </p>

    <p class='ocr_par' dir='ltr' id='par_1_7' title="bbox 91 830 1461 885">
     <span class='ocr_line' id='line_1_9' title="bbox 91 830 1461 885; baseline 0 -13"><span class='ocrx_word' id='word_1_45' title='bbox 91 834 185 872; x_wconf 84' lang='lat' dir='ltr'>3ztia</span> <span class='ocrx_word' id='word_1_46' title='bbox 225 831 251 871; x_wconf 94' lang='grc' dir='ltr'>Ι.</span> <span class='ocrx_word' id='word_1_47' title='bbox 280 834 497 884; x_wconf 73' lang='lat' dir='ltr'>&#39;trapezina</span> <span class='ocrx_word' id='word_1_48' title='bbox 542 831 568 870; x_wconf 86' lang='lat' dir='ltr'>l.</span> <span class='ocrx_word' id='word_1_49' title='bbox 612 830 873 884; x_wconf 80' lang='lat' dir='ltr'>triangulari,</span> <span class='ocrx_word' id='word_1_50' title='bbox 918 834 1030 872; x_wconf 83' lang='lat' dir='ltr'>coxis</span> <span class='ocrx_word' id='word_1_51' title='bbox 1072 834 1461 885; x_wconf 84' lang='lat' dir='ltr'>argenteo-sericeo·</span> 
     </span>
    </p>

    <p class='ocr_par' dir='ltr' id='par_1_8' title="bbox 93 890 1367 1056">
     <span class='ocr_line' id='line_1_10' title="bbox 93 890 1367 946; baseline -0.005 0"><span class='ocrx_word' id='word_1_52' title='bbox 93 906 354 946; x_wconf 74' lang='lat' dir='ltr'>nitidissimis.</span> <span class='ocrx_word' id='word_1_53' title='bbox 1366 890 1367 896; x_wconf 78' lang='grc'>’</span> 
     </span>
     <span class='ocr_line' id='line_1_11' title="bbox 209 1003 747 1056; baseline -0.004 -12"><span class='ocrx_word' id='word_1_54' title='bbox 209 1003 397 1044; x_wconf 77' lang='lat' dir='ltr'>Scbit’idte</span> <span class='ocrx_word' id='word_1_55' title='bbox 431 1003 583 1056; x_wconf 80' lang='lat' dir='ltr'>Dispos.</span> <span class='ocrx_word' id='word_1_56' title='bbox 612 1006 678 1043; x_wconf 83' lang='lat'>26.</span> <span class='ocrx_word' id='word_1_57' title='bbox 709 1007 747 1042; x_wconf 73' lang='grc' dir='ltr'>ἵ.</span> 
     </span>
    </p>
   </div>
   <div class='ocr_carea' id='block_1_5' title="bbox 138 1100 1460 1531">
    <p class='ocr_par' dir='ltr' id='par_1_9' title="bbox 138 1100 1460 1531">
     <span class='ocr_line' id='line_1_12' title="bbox 138 1100 1460 1149; baseline 0 -13"><span class='ocrx_word' id='word_1_58' title='bbox 138 1100 235 1137; x_wconf 82' lang='lat' dir='ltr'>Mas.</span> <span class='ocrx_word' id='word_1_59' title='bbox 259 1104 304 1149; x_wconf 65' lang='lat'>2}</span> <span class='ocrx_word' id='word_1_60' title='bbox 330 1103 391 1136; x_wconf 84' lang='lat' dir='ltr'>lin.</span> <span class='ocrx_word' id='word_1_61' title='bbox 417 1113 529 1135; x_wconf 87' lang='lat' dir='ltr'>mens.</span> <span class='ocrx_word' id='word_1_62' title='bbox 557 1101 661 1136; x_wconf 84' lang='lat' dir='ltr'>suec.</span> <span class='ocrx_word' id='word_1_63' title='bbox 687 1102 785 1147; x_wconf 81' lang='lat' dir='ltr'>long.</span> <span class='ocrx_word' id='word_1_64' title='bbox 811 1103 932 1146; x_wconf 86' lang='lat' dir='ltr'>capite</span> <span class='ocrx_word' id='word_1_65' title='bbox 956 1103 1080 1147; x_wconf 85' lang='lat' dir='ltr'>griseo</span> <span class='ocrx_word' id='word_1_66' title='bbox 1105 1107 1169 1136; x_wconf 85' lang='lat' dir='ltr'>aut</span> <span class='ocrx_word' id='word_1_67' title='bbox 1202 1102 1326 1136; x_wconf 85' lang='lat' dir='ltr'>albido</span> <span class='ocrx_word' id='word_1_68' title='bbox 1368 1101 1460 1147; x_wconf 87' lang='lat' dir='ltr'>pilo-</span> 
     </span>
     <span class='ocr_line' id='line_1_13' title="bbox 184 1165 1460 1210; baseline 0 -11"><span class='ocrx_word' id='word_1_69' title='bbox 184 1178 259 1200; x_wconf 77' lang='lat' dir='ltr'>sus.</span> <span class='ocrx_word' id='word_1_70' title='bbox 303 1167 450 1207; x_wconf 80' lang='lat' dir='ltr'>Facies,</span> <span class='ocrx_word' id='word_1_71' title='bbox 477 1166 705 1210; x_wconf 65' lang='lat' dir='ltr'>promurali,</span> <span class='ocrx_word' id='word_1_72' title='bbox 732 1171 896 1198; x_wconf 70' lang='lat' dir='ltr'>sternunt</span> <span class='ocrx_word' id='word_1_73' title='bbox 922 1165 1099 1206; x_wconf 84' lang='lat' dir='ltr'>inferum,</span> <span class='ocrx_word' id='word_1_74' title='bbox 1125 1171 1351 1199; x_wconf 81' lang='lat' dir='ltr'>nietanotum</span> <span class='ocrx_word' id='word_1_75' title='bbox 1378 1176 1460 1210; x_wconf 88' lang='lat' dir='ltr'>pro-</span> 
     </span>
     <span class='ocr_line' id='line_1_14' title="bbox 184 1229 1460 1273; baseline -0.001 -10"><span class='ocrx_word' id='word_1_76' title='bbox 184 1230 294 1263; x_wconf 79' lang='lat' dir='ltr'>funde</span> <span class='ocrx_word' id='word_1_77' title='bbox 333 1230 617 1263; x_wconf 79' lang='lat' dir='ltr'>canaliculatum</span> <span class='ocrx_word' id='word_1_78' title='bbox 659 1234 849 1273; x_wconf 84' lang='lat' dir='ltr'>argenteo·</span> <span class='ocrx_word' id='word_1_79' title='bbox 883 1234 947 1263; x_wconf 80' lang='lat' dir='ltr'>aut</span> <span class='ocrx_word' id='word_1_80' title='bbox 991 1232 1251 1264; x_wconf 86' lang='lat' dir='ltr'>cano-sericea.</span> <span class='ocrx_word' id='word_1_81' title='bbox 1301 1229 1460 1263; x_wconf 84' lang='lat' dir='ltr'>Valvula</span> 
     </span>
     <span class='ocr_line' id='line_1_15' title="bbox 185 1293 1459 1336; baseline -0.001 -9"><span class='ocrx_word' id='word_1_82' title='bbox 185 1295 304 1327; x_wconf 87' lang='lat' dir='ltr'>analis</span> <span class='ocrx_word' id='word_1_83' title='bbox 332 1294 506 1326; x_wconf 77' lang='lat' dir='ltr'>ventraiis</span> <span class='ocrx_word' id='word_1_84' title='bbox 533 1299 643 1336; x_wconf 80' lang='lat' dir='ltr'>atque</span> <span class='ocrx_word' id='word_1_85' title='bbox 668 1296 856 1336; x_wconf 81' lang='lat' dir='ltr'>segmenta</span> <span class='ocrx_word' id='word_1_86' title='bbox 882 1293 1063 1326; x_wconf 76' lang='lat' dir='ltr'>venti-alia</span> <span class='ocrx_word' id='word_1_87' title='bbox 1087 1294 1364 1327; x_wconf 78' lang='lat' dir='ltr'>caracteristica</span> <span class='ocrx_word' id='word_1_88' title='bbox 1407 1294 1459 1326; x_wconf 91' lang='lat' dir='ltr'>in-</span> 
     </span>
     <span class='ocr_line' id='line_1_16' title="bbox 183 1349 1459 1401; baseline -0.002 -7"><span class='ocrx_word' id='word_1_89' title='bbox 183 1360 524 1394; x_wconf 65' lang='lat' dir='ltr'>stan-‘crassicorm&#39;s</span> <span class='ocrx_word' id='word_1_90' title='bbox 549 1349 582 1400; x_wconf 65' lang='grc' dir='ltr'>ὃ</span> <span class='ocrx_word' id='word_1_91' title='bbox 607 1365 841 1401; x_wconf 83' lang='lat' dir='ltr'>constructa,</span> <span class='ocrx_word' id='word_1_92' title='bbox 868 1370 933 1394; x_wconf 88' lang='lat' dir='ltr'>nec</span> <span class='ocrx_word' id='word_1_93' title='bbox 977 1360 1088 1394; x_wconf 79' lang='lat' dir='ltr'>aliter</span> <span class='ocrx_word' id='word_1_94' title='bbox 1131 1359 1343 1394; x_wconf 78' lang='lat' dir='ltr'>differentia</span> <span class='ocrx_word' id='word_1_95' title='bbox 1389 1360 1459 1393; x_wconf 87' lang='lat' dir='ltr'>nisi</span> 
     </span>
     <span class='ocr_line' id='line_1_17' title="bbox 182 1424 1459 1468; baseline 0.002 -13"><span class='ocrx_word' id='word_1_96' title='bbox 182 1425 358 1467; x_wconf 79' lang='lat' dir='ltr'>segmenti</span> <span class='ocrx_word' id='word_1_97' title='bbox 386 1424 575 1468; x_wconf 83' lang='lat' dir='ltr'>penultimi</span> <span class='ocrx_word' id='word_1_98' title='bbox 602 1424 676 1457; x_wconf 92' lang='lat' dir='ltr'>lobi</span> <span class='ocrx_word' id='word_1_99' title='bbox 704 1425 877 1458; x_wconf 78' lang='lat' dir='ltr'>laterales</span> <span class='ocrx_word' id='word_1_100' title='bbox 903 1434 986 1458; x_wconf 87' lang='lat' dir='ltr'>mox</span> <span class='ocrx_word' id='word_1_101' title='bbox 1011 1424 1108 1457; x_wconf 81' lang='lat' dir='ltr'>intra</span> <span class='ocrx_word' id='word_1_102' title='bbox 1143 1424 1316 1468; x_wconf 83' lang='lat' dir='ltr'>angulum</span> <span class='ocrx_word' id='word_1_103' title='bbox 1350 1424 1459 1457; x_wconf 85' lang='lat' dir='ltr'>inter-</span> 
     </span>
     <span class='ocr_line' id='line_1_18' title="bbox 185 1486 712 1531; baseline 0.002 -12"><span class='ocrx_word' id='word_1_104' title='bbox 185 1498 267 1519; x_wconf 89' lang='lat' dir='ltr'>num</span> <span class='ocrx_word' id='word_1_105' title='bbox 295 1486 456 1520; x_wconf 84' lang='lat' dir='ltr'>nonnihil</span> <span class='ocrx_word' id='word_1_106' title='bbox 483 1488 712 1531; x_wconf 81' lang='lat' dir='ltr'>emarginati.</span> 
     </span>
    </p>
   </div>
   <div class='ocr_carea' id='block_1_6' title="bbox 139 1575 1459 1686">
    <p class='ocr_par' dir='ltr' id='par_1_10' title="bbox 139 1575 1459 1686">
     <span class='ocr_line' id='line_1_19' title="bbox 139 1575 1458 1622; baseline -0.002 -13"><span class='ocrx_word' id='word_1_107' title='bbox 139 1575 294 1610; x_wconf 76' lang='lat' dir='ltr'>Femina</span> <span class='ocrx_word' id='word_1_108' title='bbox 325 1577 460 1621; x_wconf 53' lang='lat' dir='ltr'>24-3AE·</span> <span class='ocrx_word' id='word_1_109' title='bbox 494 1577 555 1609; x_wconf 90' lang='lat' dir='ltr'>lin.</span> <span class='ocrx_word' id='word_1_110' title='bbox 589 1586 701 1611; x_wconf 82' lang='lat' dir='ltr'>mens.</span> <span class='ocrx_word' id='word_1_111' title='bbox 739 1578 837 1622; x_wconf 85' lang='lat' dir='ltr'>long.</span> <span class='ocrx_word' id='word_1_112' title='bbox 871 1579 1004 1622; x_wconf 87' lang='lat' dir='ltr'>clypeo</span> <span class='ocrx_word' id='word_1_113' title='bbox 1048 1578 1224 1622; x_wconf 82' lang='lat' dir='ltr'>coxisque</span> <span class='ocrx_word' id='word_1_114' title='bbox 1268 1578 1458 1619; x_wconf 80' lang='lat' dir='ltr'>argenteo-</span> 
     </span>
     <span class='ocr_line' id='line_1_20' title="bbox 187 1629 1459 1686; baseline -0.002 -13"><span class='ocrx_word' id='word_1_115' title='bbox 187 1640 588 1680; x_wconf 78' lang='lat' dir='ltr'>sericeo-nitidissimis,</span> <span class='ocrx_word' id='word_1_116' title='bbox 601 1641 746 1684; x_wconf 78' lang='lat' dir='ltr'>pectine</span> <span class='ocrx_word' id='word_1_117' title='bbox 756 1642 886 1675; x_wconf 72' lang='lat' dir='ltr'>tau-sali</span> <span class='ocrx_word' id='word_1_118' title='bbox 899 1644 952 1676; x_wconf 86' lang='lat' dir='ltr'>uti</span> <span class='ocrx_word' id='word_1_119' title='bbox 964 1629 1125 1686; x_wconf 73' lang='lat' dir='ltr'>Po&#39;mpiei</span> <span class='ocrx_word' id='word_1_120' title='bbox 1133 1639 1263 1675; x_wconf 64' lang='lat' dir='ltr'>viatici·</span> <span class='ocrx_word' id='word_1_121' title='bbox 1272 1638 1459 1673; x_wconf 83' lang='lat' dir='ltr'>mediocri.</span> 
     </span>
    </p>
   </div>
   <div class='ocr_carea' id='block_1_7' title="bbox 95 1726 1466 2156">
    <p class='ocr_par' dir='ltr' id='par_1_11' title="bbox 95 1726 1466 2156">
     <span class='ocr_line' id='line_1_21' title="bbox 210 1726 1463 1786; baseline -0.001 -16"><span class='ocrx_word' id='word_1_122' title='bbox 210 1728 396 1770; x_wconf 75' lang='lat' dir='ltr'>Habitat</span> <span class='ocrx_word' id='word_1_123' title='bbox 424 1732 464 1770; x_wconf 90' lang='lat' dir='ltr'>in</span> <span class='ocrx_word' id='word_1_124' title='bbox 494 1732 673 1770; x_wconf 83' lang='lat' dir='ltr'>arenosis</span> <span class='ocrx_word' id='word_1_125' title='bbox 699 1726 881 1772; x_wconf 74' lang='lat' dir='ltr'>aestuosis</span> <span class='ocrx_word' id='word_1_126' title='bbox 909 1732 1043 1780; x_wconf 79' lang='lat' dir='ltr'>Iulio,</span> <span class='ocrx_word' id='word_1_127' title='bbox 1081 1734 1262 1786; x_wconf 84' lang='lat' dir='ltr'>Augusto</span> <span class='ocrx_word' id='word_1_128' title='bbox 1306 1732 1463 1783; x_wconf 84' lang='lat' dir='ltr'>passim.</span> 
     </span>
     <span class='ocr_line' id='line_1_22' title="bbox 97 1804 1466 1859; baseline -0.001 -15"><span class='ocrx_word' id='word_1_129' title='bbox 97 1804 146 1844; x_wconf 90' lang='lat' dir='ltr'>Ut</span> <span class='ocrx_word' id='word_1_130' title='bbox 175 1805 367 1852; x_wconf 76' lang='lat' dir='ltr'>Prussiae,</span> <span class='ocrx_word' id='word_1_131' title='bbox 397 1805 560 1852; x_wconf 58' lang='lat' dir='ltr'>Daune,</span> <span class='ocrx_word' id='word_1_132' title='bbox 589 1804 825 1858; x_wconf 81' lang='lat' dir='ltr'>Sueciaeque</span> <span class='ocrx_word' id='word_1_133' title='bbox 856 1807 989 1847; x_wconf 89' lang='lat' dir='ltr'>incola</span> <span class='ocrx_word' id='word_1_134' title='bbox 1021 1819 1042 1846; x_wconf 91' lang='lat' dir='ltr'>a</span> <span class='ocrx_word' id='word_1_135' title='bbox 1074 1819 1137 1846; x_wconf 89' lang='lat' dir='ltr'>me</span> <span class='ocrx_word' id='word_1_136' title='bbox 1174 1807 1379 1859; x_wconf 84' lang='lat' dir='ltr'>cognitus,</span> <span class='ocrx_word' id='word_1_137' title='bbox 1424 1809 1466 1843; x_wconf 84' lang='lat' dir='ltr'>at</span> 
     </span>
     <span class='ocr_line' id='line_1_23' title="bbox 95 1878 1465 1931; baseline 0.001 -15"><span class='ocrx_word' id='word_1_138' title='bbox 95 1878 201 1917; x_wconf 85' lang='lat' dir='ltr'>sorte</span> <span class='ocrx_word' id='word_1_139' title='bbox 230 1879 399 1931; x_wconf 83' lang='lat' dir='ltr'>quidem</span> <span class='ocrx_word' id='word_1_140' title='bbox 424 1882 636 1919; x_wconf 79' lang='lat' dir='ltr'>maximam</span> <span class='ocrx_word' id='word_1_141' title='bbox 671 1879 842 1931; x_wconf 85' lang='lat' dir='ltr'>Europae</span> <span class='ocrx_word' id='word_1_142' title='bbox 873 1886 1028 1931; x_wconf 85' lang='lat' dir='ltr'>partem</span> <span class='ocrx_word' id='word_1_143' title='bbox 1060 1880 1268 1921; x_wconf 86' lang='lat' dir='ltr'>inhabitat.</span> <span class='ocrx_word' id='word_1_144' title='bbox 1311 1879 1465 1920; x_wconf 91' lang='lat' dir='ltr'>Marem</span> 
     </span>
     <span class='ocr_line' id='line_1_24' title="bbox 97 1952 1464 2010; baseline -0.001 -18"><span class='ocrx_word' id='word_1_145' title='bbox 97 1955 137 1992; x_wconf 89' lang='lat' dir='ltr'>in</span> <span class='ocrx_word' id='word_1_146' title='bbox 167 1965 287 1994; x_wconf 83' lang='lat' dir='ltr'>arena</span> <span class='ocrx_word' id='word_1_147' title='bbox 317 1953 488 1993; x_wconf 86' lang='lat' dir='ltr'>littorali</span> <span class='ocrx_word' id='word_1_148' title='bbox 519 1953 567 1993; x_wconf 90' lang='lat' dir='ltr'>ad</span> <span class='ocrx_word' id='word_1_149' title='bbox 597 1952 758 1994; x_wconf 86' lang='lat' dir='ltr'>Lomma</span> <span class='ocrx_word' id='word_1_150' title='bbox 805 1966 931 2005; x_wconf 85' lang='lat' dir='ltr'>prope</span> <span class='ocrx_word' id='word_1_151' title='bbox 979 1954 1092 2010; x_wconf 43' lang='lat' dir='ltr'>[fund</span> <span class='ocrx_word' id='word_1_152' title='bbox 1135 1955 1289 1995; x_wconf 86' lang='lat' dir='ltr'>Scaniae</span> <span class='ocrx_word' id='word_1_153' title='bbox 1331 1953 1369 1993; x_wconf 87' lang='lat' dir='ltr'>d.</span> <span class='ocrx_word' id='word_1_154' title='bbox 1413 1954 1464 1992; x_wconf 83' lang='lat'>31</span> 
     </span>
     <span class='ocr_line' id='line_1_25' title="bbox 99 2027 1465 2081; baseline 0.001 -16"><span class='ocrx_word' id='word_1_155' title='bbox 99 2027 271 2080; x_wconf 79' lang='lat' dir='ltr'>Augusti</span> <span class='ocrx_word' id='word_1_156' title='bbox 302 2030 430 2075; x_wconf 81' lang='lat'>1839,</span> <span class='ocrx_word' id='word_1_157' title='bbox 462 2029 649 2068; x_wconf 77' lang='lat' dir='ltr'>seminam</span> <span class='ocrx_word' id='word_1_158' title='bbox 681 2030 720 2068; x_wconf 93' lang='lat' dir='ltr'>in</span> <span class='ocrx_word' id='word_1_159' title='bbox 751 2041 871 2068; x_wconf 84' lang='lat' dir='ltr'>arena</span> <span class='ocrx_word' id='word_1_160' title='bbox 906 2028 1062 2068; x_wconf 76' lang='lat' dir='ltr'>volatili</span> <span class='ocrx_word' id='word_1_161' title='bbox 1091 2031 1220 2081; x_wconf 88' lang='lat' dir='ltr'>campi</span> <span class='ocrx_word' id='word_1_162' title='bbox 1251 2027 1465 2081; x_wconf 82' lang='lat' dir='ltr'>Jungi&#39;ern—</span> 
     </span>
     <span class='ocr_line' id='line_1_26' title="bbox 101 2100 1252 2156; baseline 0.003 -17"><span class='ocrx_word' id='word_1_163' title='bbox 101 2100 233 2153; x_wconf 79' lang='lat' dir='ltr'>beyde</span> <span class='ocrx_word' id='word_1_164' title='bbox 263 2113 389 2154; x_wconf 79' lang='lat' dir='ltr'>prope</span> <span class='ocrx_word' id='word_1_165' title='bbox 420 2102 554 2142; x_wconf 84' lang='lat' dir='ltr'>Berlin</span> <span class='ocrx_word' id='word_1_166' title='bbox 586 2103 757 2142; x_wconf 84' lang='lat' dir='ltr'>Prussiae</span> <span class='ocrx_word' id='word_1_167' title='bbox 787 2102 824 2142; x_wconf 90' lang='lat' dir='ltr'>d.</span> <span class='ocrx_word' id='word_1_168' title='bbox 855 2105 880 2142; x_wconf 78' lang='lat'>&#39;1</span> <span class='ocrx_word' id='word_1_169' title='bbox 908 2103 992 2143; x_wconf 89' lang='lat' dir='ltr'>Juli</span> <span class='ocrx_word' id='word_1_170' title='bbox 1023 2105 1130 2143; x_wconf 71' lang='lat'>1842</span> <span class='ocrx_word' id='word_1_171' title='bbox 1161 2103 1252 2156; x_wconf 85' lang='lat' dir='ltr'>legi.</span> 
     </span>
    </p>
   </div>
   <div class='ocr_carea' id='block_1_8' title="bbox 149 2192 1464 2501">
    <p class='ocr_par' dir='ltr' id='par_1_12' title="bbox 149 2192 1464 2501">
     <span class='ocr_line' id='line_1_27' title="bbox 149 2192 1462 2248; baseline 0.007 -15"><span class='ocrx_word' id='word_1_172' title='bbox 149 2200 295 2234; x_wconf 73' lang='lat' dir='ltr'>Observ.</span> <span class='ocrx_word' id='word_1_173' title='bbox 343 2203 492 2236; x_wconf 82' lang='lat' dir='ltr'>Femina</span> <span class='ocrx_word' id='word_1_174' title='bbox 518 2203 622 2236; x_wconf 76' lang='lat' dir='ltr'>vaide</span> <span class='ocrx_word' id='word_1_175' title='bbox 647 2203 770 2237; x_wconf 81' lang='lat' dir='ltr'>affinis</span> <span class='ocrx_word' id='word_1_176' title='bbox 804 2203 972 2248; x_wconf 77' lang='lat' dir='ltr'>Pompilo</span> <span class='ocrx_word' id='word_1_177' title='bbox 1007 2205 1152 2239; x_wconf 72' lang='lat' dir='ltr'>triviali</span> <span class='ocrx_word' id='word_1_178' title='bbox 1193 2205 1255 2247; x_wconf 83' lang='lat' dir='ltr'>(N.</span> <span class='ocrx_word' id='word_1_179' title='bbox 1295 2203 1370 2246; x_wconf 87' lang='lat'>30.)</span> <span class='ocrx_word' id='word_1_180' title='bbox 1411 2192 1462 2245; x_wconf 69' lang='grc' dir='ltr'>ῼ»</span> 
     </span>
     <span class='ocr_line' id='line_1_28' title="bbox 191 2265 1463 2311; baseline 0.002 -14"><span class='ocrx_word' id='word_1_181' title='bbox 191 2265 254 2297; x_wconf 75' lang='lat' dir='ltr'>sed</span> <span class='ocrx_word' id='word_1_182' title='bbox 280 2267 419 2309; x_wconf 83' lang='lat' dir='ltr'>major,</span> <span class='ocrx_word' id='word_1_183' title='bbox 446 2268 565 2310; x_wconf 79' lang='lat' dir='ltr'>capite</span> <span class='ocrx_word' id='word_1_184' title='bbox 591 2268 777 2311; x_wconf 86' lang='lat' dir='ltr'>longiore,</span> <span class='ocrx_word' id='word_1_185' title='bbox 804 2268 926 2302; x_wconf 82' lang='lat' dir='ltr'>fronte</span> <span class='ocrx_word' id='word_1_186' title='bbox 951 2270 1069 2302; x_wconf 85' lang='lat' dir='ltr'>minus</span> <span class='ocrx_word' id='word_1_187' title='bbox 1104 2279 1286 2309; x_wconf 81' lang='lat' dir='ltr'>convexa3</span> <span class='ocrx_word' id='word_1_188' title='bbox 1329 2267 1463 2311; x_wconf 86' lang='lat' dir='ltr'>clypeo</span> 
     </span>
     <span class='ocr_line' id='line_1_29' title="bbox 190 2330 1464 2373; baseline 0.001 -12"><span class='ocrx_word' id='word_1_189' title='bbox 190 2340 258 2362; x_wconf 88' lang='lat' dir='ltr'>non</span> <span class='ocrx_word' id='word_1_190' title='bbox 286 2330 768 2373; x_wconf 74' lang='lat' dir='ltr'>subenmrginato-truncato</span> <span class='ocrx_word' id='word_1_191' title='bbox 794 2332 858 2365; x_wconf 72' lang='lat' dir='ltr'>sed</span> <span class='ocrx_word' id='word_1_192' title='bbox 883 2334 1004 2366; x_wconf 79' lang='lat' dir='ltr'>antico</span> <span class='ocrx_word' id='word_1_193' title='bbox 1036 2334 1347 2371; x_wconf 80' lang='lat' dir='ltr'>subsemilunato,</span> <span class='ocrx_word' id='word_1_194' title='bbox 1393 2339 1464 2363; x_wconf 87' lang='lat' dir='ltr'>me-</span> 
     </span>
     <span class='ocr_line' id='line_1_30' title="bbox 193 2394 1464 2441; baseline 0 -15"><span class='ocrx_word' id='word_1_195' title='bbox 193 2400 320 2426; x_wconf 80' lang='lat' dir='ltr'>tanoto</span> <span class='ocrx_word' id='word_1_196' title='bbox 348 2394 462 2437; x_wconf 78' lang='lat' dir='ltr'>inagis</span> <span class='ocrx_word' id='word_1_197' title='bbox 488 2394 635 2434; x_wconf 83' lang='lat' dir='ltr'>cubico,</span> <span class='ocrx_word' id='word_1_198' title='bbox 662 2395 826 2438; x_wconf 81' lang='lat' dir='ltr'>adeoque</span> <span class='ocrx_word' id='word_1_199' title='bbox 852 2406 921 2429; x_wconf 89' lang='lat' dir='ltr'>non</span> <span class='ocrx_word' id='word_1_200' title='bbox 947 2398 1000 2430; x_wconf 81' lang='lat' dir='ltr'>uti</span> <span class='ocrx_word' id='word_1_201' title='bbox 1026 2397 1186 2431; x_wconf 68' lang='lat' dir='ltr'>erio-&#39;aliu</span> <span class='ocrx_word' id='word_1_202' title='bbox 1210 2397 1341 2441; x_wconf 85' lang='lat' dir='ltr'>gibbo,</span> <span class='ocrx_word' id='word_1_203' title='bbox 1361 2394 1464 2428; x_wconf 77' lang='lat' dir='ltr'>coxis</span> 
     </span>
     <span class='ocr_line' id='line_1_31' title="bbox 193 2456 1288 2501; baseline 0.002 -12"><span class='ocrx_word' id='word_1_204' title='bbox 193 2462 368 2501; x_wconf 81' lang='lat' dir='ltr'>argenteo</span> <span class='ocrx_word' id='word_1_205' title='bbox 395 2456 625 2495; x_wconf 61' lang='lat' dir='ltr'>nitidissimis</span> <span class='ocrx_word' id='word_1_206' title='bbox 652 2458 714 2490; x_wconf 76' lang='lat' dir='ltr'>dcc.</span> <span class='ocrx_word' id='word_1_207' title='bbox 1285 2462 1288 2465; x_wconf 85' lang='grc'><strong>“</strong></span> 
     </span>
    </p>
   </div>
   <div class='ocr_carea' id='block_1_9' title="bbox 146 2537 1461 2643">
    <p class='ocr_par' dir='ltr' id='par_1_13' title="bbox 146 2537 1461 2643">
     <span class='ocr_line' id='line_1_32' title="bbox 146 2537 1461 2584; baseline -0.002 -10"><span class='ocrx_word' id='word_1_208' title='bbox 146 2539 329 2574; x_wconf 71' lang='lat' dir='ltr'>Femina.-</span> <span class='ocrx_word' id='word_1_209' title='bbox 355 2539 592 2584; x_wconf 78' lang='lat' dir='ltr'>pubescentia</span> <span class='ocrx_word' id='word_1_210' title='bbox 616 2539 783 2583; x_wconf 79' lang='lat' dir='ltr'>corporis</span> <span class='ocrx_word' id='word_1_211' title='bbox 797 2537 874 2573; x_wconf 76' lang='lat' dir='ltr'>fere</span> <span class='ocrx_word' id='word_1_212' title='bbox 884 2538 1010 2574; x_wconf 80' lang='lat' dir='ltr'>eadem</span> <span class='ocrx_word' id='word_1_213' title='bbox 1022 2541 1110 2574; x_wconf 83' lang='lat' dir='ltr'>acin</span> <span class='ocrx_word' id='word_1_214' title='bbox 1122 2538 1334 2576; x_wconf 54' lang='lat' dir='ltr'>Par-&#39;niam</span> <span class='ocrx_word' id='word_1_215' title='bbox 1360 2538 1461 2572; x_wconf 86' lang='lat' dir='ltr'>Occi-</span> 
     </span>
     <span class='ocr_line' id='line_1_33' title="bbox 1293 2606 1346 2643; baseline -0.019 0"><span class='ocrx_word' id='word_1_216' title='bbox 1293 2606 1346 2643; x_wconf 88' lang='grc'>10</span> 
     </span>
    </p>
   </div>
  </div>
 </body>
</html>
