1752 3172
524 246 592 286 56.
626 243 952 298 ceraeoplaorm.
1342 246 1423 284 257

180 355 365 399 Habuat
396 354 502 394 forle
532 355 571 394 in
601 354 800 394 similibus
830 353 928 394 locis
957 366 1002 393 ac
1035 352 1241 393 Cemouus
1283 357 1429 394 unico-

63 431 158 482 lor,
190 431 287 472 licet
316 429 461 468 rarius,
519 428 721 468 Feminam
753 427 801 466 ad
835 426 1066 466 Bruxellam
1099 427 1246 479 Belgiae
1276 427 1429 480 detegit

67 505 364 546 oculatissimus
391 502 436 541 D.
475 500 700 542 lVesmael.
732 501 957 552 Utrumque
974 513 1114 539 sexum
1132 501 1179 540 ad
1201 502 1431 540 Bauer-sea-

62 576 179 631 sjelds
206 575 362 629 Angliae
391 577 544 615 invenit
575 573 656 614 Ccl.
695 572 928 614 Shuckard.
987 574 1119 614 Mares
1160 575 1262 614 duos
1307 576 1431 626 possi-

61 650 160 699 deo,
189 661 312 689 unum
342 662 364 689 a
396 647 476 689 Cel.
506 645 661 690 Fallcssu
693 649 795 688 forte
827 648 875 688 ad
907 647 1246 698 Kiviks-Espcrud
1277 647 1430 687 Scauiae

62 722 382 776 deprehensum,
411 723 587 764 alterum
617 725 656 762 in
689 722 795 761 soliis
828 720 1430 773 CorylipraliGarde,iusulae

66 796 260 838 Gouland
289 797 429 845 Succ.‚
462 798 500 837 d.
533 800 582 835 12
613 795 710 835 Julii
745 797 849 834 1841
879 796 964 846 ipse
996 793 1089 845 legi.

115 875 265 912 Observ.
313 877 443 917 Quoad
471 875 631 909 habitum
662 874 818 908 c'emono
847 872 1032 907 unicolori
1055 882 1168 916 parvo
1196 874 1302 906 valde
1336 875 1433 907 simi-

158 940 204 974 lis
230 939 308 973 scil.
334 939 451 973 forma
476 939 629 983 capitis,
657 937 819 971 thoracis
860 937 1136 979 abdominisque
1184 934 1261 969 fere
1309 937 1434 970 eadem

158 1008 216 1037 est
240 1012 284 1036 ac
325 1000 478 1035 Gemons'
523 1000 749 1041 unicoloris;
797 1007 1022 1034 metanutum
1072 1012 1217 1046 quoqne
1264 1001 1435 1033 similiter

159 1065 343 1108 sculptum
369 1074 412 1097 ac
437 1065 471 1097 in
498 1064 584 1104 illu;
610 1064 672 1097 sed
701 1065 882 1097 brevitate
909 1066 1036 1109 petioli
1064 1066 1289 1103 abdominis,
1323 1073 1434 1096 cornu

156 1127 289 1162 frontis
314 1133 352 1161 et
377 1122 521 1160 di'rcrsa
555 1128 755 1160 insertione
804 1129 944 1160 venulas
995 1125 1436 1161 transverso-discoidulis

159 1191 252 1227 2:11ae
278 1193 312 1224 in
337 1192 396 1224 ala
422 1192 542 1224 antica
567 1201 636 1224 non
663 1191 780 1223 solum
807 1196 847 1223 ut
873 1192 1013 1234 species
1038 1192 1099 1225 sed
1127 1193 1236 1225 etiam
1263 1197 1303 1223 ut
1321 1199 1436 1232 genus

159 1260 260 1288 certe
285 1254 538 1298 distinguitur.

119 1315 216 1351 Mas.
263 1318 384 1361 caput
410 1317 555 1350 brevius
580 1326 685 1359 quam
712 1318 745 1349 in
775 1315 956 1358 Cemono,
982 1327 1091 1361 parce
1139 1314 1436 1361 griseo-pilosum

162 1381 316 1414 nitidum
343 1385 578 1424 punctatum,
604 1379 724 1412 fronte
749 1381 915 1412 coriacea
952 1381 1070 1412 medio
1106 1381 1295 1418 imnum-sn,
1344 1379 1440 1410 inter

164 1450 341 1477 antennas
367 1449 405 1476 at
431 1453 541 1487 supra
567 1443 667 1475 basin
695 1452 817 1474 earum
845 1443 1096 1478 corniculata:
1122 1443 1309 1476 corniculo
1331 1441 1439 1473 tereti

165 1505 457 1550 subcylindrico,
485 1505 713 1549 longitudine
739 1505 928 1548 pedicelli,
955 1507 1124 1539 crassitie
1167 1506 1258 1539 tarsi
1307 1503 1440 1542 antici,

163 1579 304 1602 summo
329 1570 433 1612 apice
458 1569 588 1601 leviter
624 1569 982 1612 inciso-emarginato
1025 1569 1106 1611 (uec
1155 1573 1351 1606 truncato,
1400 1571 1441 1599 ut

166 1632 260 1666 false
284 1631 414 1674 scripsi
442 1630 476 1662 in
505 1630 758 1673 Dispositione
784 1641 865 1674 pag.
892 1631 953 1673 5.).
1002 1635 1177 1666 Antennae
1211 1632 1340 1664 breves
1385 1639 1440 1661 ca-

162 1695 239 1738 pite
263 1703 343 1726 cum
370 1697 527 1737 pronoto
553 1702 623 1725 non
648 1699 713 1726 aut
739 1694 796 1726 vix
823 1694 1030 1738 longiores,
1067 1695 1222 1739 flagellis
1271 1693 1443 1736 simplici·

162 1758 230 1791 bus
254 1757 337 1799 (uec
363 1762 402 1790 ut
427 1758 462 1790 in
490 1755 649 1790 Cemono
676 1757 816 1800 postice
844 1757 1122 1798 tuberculutis),
1170 1763 1255 1790 ante
1303 1757 1442 1800 apicem

165 1820 300 1854 leviter
323 1820 558 1861 incrassatis,
585 1820 755 1853 crassitie
780 1820 869 1853 tarsi
896 1821 1041 1865 postici.
1091 1820 1252 1864 Clypeus
1285 1820 1444 1862 inaequa-

167 1882 234 1922 lis,
259 1882 305 1915 ud
331 1883 487 1915 medium
512 1883 686 1926 marginis
711 1883 864 1927 apiculis
897 1885 955 1925 (ut
1003 1883 1099 1927 apud
1147 1881 1443 1926 Pemphredones

167 1945 405 1985 masculinos)
430 1945 608 1989 profunde
633 1947 1078 1991 arcuato-emarginatus,
1104 1952 1141 1979 et
1166 1956 1210 1979 ex
1244 1946 1446 1988 eniargina-

169 2014 261 2040 turoe
286 2012 412 2040 centro
437 2008 604 2052 apiculus
631 2009 797 2052 procedit
823 2010 1089 2042 minutissimus
1115 2010 1181 2042 sub
1196 2009 1295 2042 lente
1309 2009 1445 2041 nonni-

170 2070 198 2103 si
224 2075 327 2102 certo
353 2071 426 2103 situ
454 2071 599 2104 luminis
626 2071 872 2115 detegendum
894 2073 939 2106 ud
963 2078 1157 2116 utrumque
1177 2073 1315 2116 apicem
1331 2081 1446 2104 emar-

173 2133 353 2176 giuaturae
380 2134 585 2166 «lenticulas
626 2136 883 2179 acutangulus.
932 2136 1093 2170 Laurum
1141 2136 1257 2177 (ultra
1305 2136 1446 2178 apicem

173 2195 461 2229 mandibularum
503 2197 782 2240 quiescentium)
809 2204 994 2232 exsertum
1037 2198 1292 2241 xingoaeforme
1343 2198 1445 2230 obtu-

172 2268 274 2299 sum,
301 2258 474 2301 politum,
502 2260 620 2292 medio
646 2261 943 2295 canaliculatum.
978 2261 1201 2297 Mandibulae
1226 2261 1330 2304 apice
1351 2259 1448 2293 rufu-

169 2322 293 2366 piceae.
342 2322 444 2366 l‘ulpi
471 2323 696 2366 nigro-susci.
741 2324 940 2358 l'ruuotum
968 2324 1104 2358 hunnile
1142 2325 1316 2358 muticum
1365 2324 1448 2364 (nec

173 2386 316 2429 angulis
342 2385 517 2427 neutum),
569 2386 766 2419 Dorsuluni
794 2388 933 2420 modice
959 2398 1158 2421 convexum
1186 2388 1362 2432 politum,
1390 2397 1449 2419 nn-

173 2448 242 2480 tice
268 2457 375 2491 parce
402 2454 614 2493 punctatum
641 2456 678 2483 et
702 2451 844 2484 striolis
871 2450 1059 2495 parallelis
1085 2451 1310 2484 normalibus
1348 2455 1450 2482 nota-

173 2517 261 2544 tum.
309 2512 446 2545 Sutura
472 2513 567 2545 inter
595 2512 784 2547 dou-sulum
826 2519 862 2546 et
910 2513 1101 2546 scutellum
1152 2514 1327 2557 simplex,
1381 2523 1449 2545 noo

174 2581 342 2616 crenata,
371 2577 788 2611 transverso-bilineuta.
836 2578 1067 2611 Motauotum
1093 2587 1215 2610 crasse
1243 2576 1450 2619 irregulari-
