1752 3172
307 185 434 228 XLIV
751 183 983 226 caracteres
1012 187 1222 228 normales.

305 302 486 337 currunt.
542 295 762 335 Pei-territa
794 296 1025 348 aufugiunt;
1055 298 1261 338 Bembices
1290 308 1401 345 vero,
1415 299 1540 337 instar
1554 299 1671 342 Βοωε

308 372 464 418 borum,
502 372 606 409 circa
665 369 818 408 hostem
866 373 955 411 irati
999 372 1223 424 paullulum
1269 378 1493 418 susurrant,
1538 366 1671 412 tamen

307 445 459 496 absque
501 444 753 483 detrimento.
820 443 994 484 Feminae
1034 446 1202 485 adtactae
1247 445 1430 484 doloroso
1475 451 1672 498 pungunt,

306 518 424 559 dolor
456 524 586 557 tamen
618 518 769 570 absquo
802 524 959 557 tumore
993 519 1058 558 vel
1089 522 1379 571 suppurationi·
1409 520 1515 558 iutra
1543 531 1669 571 pauca

309 593 501 644 temporis
531 598 729 631 momenta
761 592 918 631 desinit.

431 720 702 760 Anatomz‘am
735 720 1147 776 Hymeteopterornm
1177 721 1513 773 Spbocisormium
1554 727 1669 763 erac·

306 800 402 834 tare
432 806 564 846 neque
594 799 787 846 temporis
803 801 993 851 angustiae
1010 809 1143 849 nequo
1163 795 1281 846 hujus
1297 795 1427 834 libelli
1445 794 1534 835 finis
1556 796 1671 836 nobis

308 867 540 908 concedant.
572 866 650 915 Qui
677 876 809 911 autem
827 872 929 927 hanc
946 874 1104 913 maximi
1125 873 1314 910 momenti
1332 882 1415 908 rom
1434 872 1509 910 rite
1523 882 1670 922 cogno·

306 954 416 982 scere
432 943 707 994 cupiant‚sese
727 952 964 986 convertant
980 945 1101 985 velim
1117 945 1164 983 ad
1176 943 1453 983 ”Rechorches
1467 946 1671 985 Anatomi·

246 1068 248 1072 ,
307 1029 406 1069 ques
434 1021 474 1055 et
502 1015 836 1071 Phys'iologiques
863 1033 932 1060 sur
955 1020 1015 1059 les
1029 1019 1351 1072 Hymenopteres
1368 1029 1439 1069 par
1455 1018 1530 1058 Μετ’
1551 1015 1669 1058 Leon

311 1087 514 1139 Deffonrn
535 1089 647 1131 Paris
665 1095 783 1133 1841.
797 1096 886 1147 4:03
901 1093 1078 1145 Operum
1097 1091 1216 1142 hujus
1230 1093 1289 1130 rei
1306 1091 1562 1131 classicorum
1586 1105 1671 1132 om-

309 1165 418 1203 nium
451 1164 833 1208 excellentissimum
865 1174 986 1220 atque
1019 1166 1169 1206 tabulis
1206 1167 1325 1204 aeneis
1367 1166 1671 1218 elegantissimis

305 1238 519 1289 permultis
548 1238 805 1281 illustratum.

419 1370 458 1406 9.
516 1364 648 1406 Notae
679 1366 936 1406 Familiarum
967 1371 1006 1404 et
1035 1364 1238 1404 Generum
1271 1368 1309 1404 in
1340 1367 1414 1406 hoc
1456 1366 1562 1406 libro
1600 1377 1667 1406 oc-

309 1443 556 1482 currentium
602 1443 943 1480 caracteristicae
971 1440 1120 1491 optimc
1150 1446 1371 1479 cernuntur
1401 1454 1421 1480 a
1442 1442 1669 1493 sequenti·

312 1516 384 1556 bus
415 1514 597 1555 undecim
634 1512 804 1555 Tabulis
852 1515 1157 1553 examinationis
1195 1513 1450 1568 Synopta‘ceb,
1495 1526 1667 1567 quarum

430 1644 585 1684 Tabula
619 1646 679 1684 l:a
710 1641 840 1682 solum
871 1671 1229 1683 ..........
1259 1643 1456 1683 Familias.

425 1777 589 1816 Tabulae
619 1779 753 1813 autem
784 1774 822 1814 2.
853 1773 890 1815 3.
920 1773 959 1820 4,
989 1775 1025 1814 5,
1054 1775 1093 1818 6,
1124 1776 1160 1818 7,

790 1848 828 1889 a,
858 1847 896 1892 9,
928 1847 991 1890 ιο,
1024 1848 1085 1884 ιι.
1114 1876 1123 1885 .
1152 1876 1161 1885 .
1229 1809 1381 1849 6”““”“

419 1978 813 2031 Hymenopterorum
859 1976 905 2014 ad
951 1975 1099 2016 Linnaei
1150 1977 1373 2016 Sectionom
1429 1975 1662 2020 Naturalem
1726 2017 1728 2021 ,

312 2052 459 2108 Sphex
487 2052 775 2104 pertinentium
807 2051 1010 2090 exhibent,
