1752 3172
599 213 668 252 40.
698 208 904 253 Bembex.
1356 220 1435 257 183

209 322 361 363 Patria
387 324 553 375 ignota.
609 319 821 371 Specimen
843 324 1009 363 unicum
1038 322 1283 372 masculum,
1326 328 1437 378 quod

73 398 289 448 descripsi,
331 399 560 436 asservatur
603 396 642 433 in
686 395 815 436 Musei
866 397 1160 450 Entomologici
1215 398 1438 441 Lundensis

72 468 320 510 Collectione
355 465 589 508 Bondeana
616 468 692 508 sub
722 471 881 511 nomine
919 469 1065 531 Bemb..
1090 470 1303 524 repandae.

122 557 269 593 observ.
315 558 489 592 Tantum.
515 567 650 592 marem
677 561 944 604 cognoscimus.
982 561 1134 595 Statura
1160 567 1197 595 et
1221 565 1435 607 magnitudo

159 620 340 656 Bembicn'n
364 620 534 654 01ivaceae
558 627 623 655 aut
648 623 866 667 trepandae;
892 622 976 656 huic
999 624 1120 667 quoad
1146 625 1326 668 picturam
1355 628 1432 662 tho-

161 687 317 720 racicam
343 686 449 719 nimis
472 685 616 728 affinis,
641 686 704 719 sed
733 687 936 720 abdominis
961 687 1126 730 pictura,
1152 693 1279 722 venti-e
1304 690 1434 726 inermi

158 749 193 785 h.
218 759 249 782 e.
275 760 345 782 non
371 749 535 789 dentato,
561 751 736 793 segmenti
763 750 869 793 primi
895 754 933 782 et
957 749 1076 781 ultimi
1105 748 1222 782 forma
1242 752 1434 796 singulari,

158 813 372 858 pectineque
397 814 488 846 tarsi
514 814 623 846 antici
636 815 725 845 satis
737 812 892 845 diversa.
920 812 1435 860 Pronotumrufotestaceum,

157 876 301 920 angulis
326 874 575 910 humeralibus
600 879 638 908 et
662 876 824 919 margine
847 875 993 919 postico
1017 875 1174 910 citi-inis.
1393 869 1395 871 ¹

178 1063 202 1088 ‘¹
231 1063 425 1107 Bembex
453 1067 684 1118 iuscripta,
714 1062 771 1118 ῼε
802 1069 986 1106 antennis
1015 1071 1135 1114 totis,
1164 1065 1311 1119 clypeo
1348 1067 1432 1109 basi

64 1140 292 1192 frontisque
309 1142 479 1179 maxima
498 1145 610 1190 parte
627 1141 769 1191 nigris,
789 1139 954 1180 thorace
971 1139 1266 1179 ruso-testaceo
1281 1171 1291 1188 ,
1312 1141 1433 1181 dorso

63 1215 124 1253 uti
158 1211 208 1252 B.
238 1211 460 1266 trepandae
489 1214 704 1264 inscripto,
734 1213 958 1252 abdominis
994 1216 1212 1266 segmentis
1255 1222 1432 1266 quatuor

64 1288 208 1327 aulicis
251 1287 584 1334 flavo-testaceis,
630 1288 781 1338 postice
826 1287 1433 1340 biarcuato-nigromarginatis,

68 1363 172 1400 l:mo
203 1361 287 1401 basi
317 1360 474 1400 macula
506 1361 618 1413 nigra
650 1361 823 1399 maxima
853 1359 988 1399 lobata
1019 1359 1125 1399 lobis
1141 1359 1310 1410 obtusis,
1333 1364 1429 1405 2:d0

62 1439 106 1473 et
135 1436 234 1474 3:1io
263 1435 303 1474 in
332 1434 442 1474 disco
471 1435 633 1486 punctis
658 1435 781 1486 nigris
810 1433 914 1472 binis
943 1436 1180 1474 transversis
1221 1436 1431 1488 ovahbns,

62 1511 147 1548 5:to
176 1507 224 1547 ad
255 1507 383 1548 latera
414 1508 520 1548 ssavo
550 1507 685 1548 medio
714 1508 852 1560 nigro,
882 1519 959 1546 ano
1004 1512 1232 1560 ventreque
1281 1513 1430 1563 nigris,

60 1587 359 1633 segmentorum
390 1581 634 1621 ventralium
666 1579 831 1620 maculis
861 1580 1099 1621 lateralibus
1120 1587 1161 1621 et
1185 1587 1432 1636 marginibus

59 1656 223 1705 posticis
251 1655 577 1696 navo-testaceis.

175 1745 218 1784 ln
249 1758 385 1787 museo
415 1747 674 1788 Universitat.
703 1746 829 1787 Lund.
857 1746 1179 1800 Entomologico,
1213 1746 1432 1794 Coltectio·

64 1818 126 1857 nis
160 1815 462 1872 Ljunghiauoe‚
501 1824 664 1862 unicum
717 1824 922 1874 specimen
967 1827 1222 1871 asservatur,
1274 1824 1429 1879 absque

64 1893 192 1942 patria
222 1897 374 1932 notata.

661 1977 843 1984 ——.

181 2058 205 2082 *
237 2058 428 2103 Bembesc
456 2066 725 2117 ameria-ana,
754 2064 809 2120 ῼε
840 2067 1024 2109 'thorace
1055 2068 1317 2110 immaculato
1360 2070 1430 2111 ab·

63 2133 223 2173 dominc
250 2134 356 2175 ssavo
387 2137 518 2178 fasciis
545 2140 734 2192 repandis
762 2143 1006 2194 punctisque
1037 2143 1159 2181 atris:

108 2224 217 2258 Fabr.
241 2226 284 2259 E.
311 2223 347 2258 S.
370 2228 403 2261 2.
426 2227 508 2264 250.
530 2227 575 2271 9,
600 2230 702 2265 Piez.
726 2232 806 2267 225.
831 2232 886 2268 13.

182 2306 349 2347 Habitat
380 2310 420 2348 in
448 2309 646 2352 Americae
675 2314 952 2355 meridionalis
981 2312 1126 2354 lnsulis
1169 2312 1285 2353 Fabr.
1326 2314 1352 2354 l.
1395 2328 1429 2356 c.

65 2379 290 2432 Specimina
322 2393 371 2421 ex
401 2381 586 2424 America
616 2385 770 2426 boreali
801 2387 918 2428 nobis
962 2400 983 2428 a
1030 2387 1076 2426 D.
1119 2384 1428 2428 Zimmermamc

62 2457 353 2496 communicata
370 2486 379 2504 ,
409 2461 450 2495 et
480 2469 500 2496 a
531 2457 577 2497 D.
606 2455 818 2501 Erichson
846 2460 1009 2502 secund.
1037 2460 1138 2501 Mus.
1166 2460 1428 2502 Berolin.de-

63 2531 299 2578 terminata,
329 2543 348 2570 a
380 2529 656 2583 descriptione
686 2534 917 2576 Fabriciana
947 2533 1067 2575 valde
1105 2534 1296 2575 aberrant
1339 2534 1428 2574 tho-
