1752 3172
271 187 354 225 264
747 180 814 221 57.
846 177 1154 233 Pemplzredon.

321 301 405 337 Mas
429 312 499 335 non
524 301 592 333 nini
616 299 714 331 notis
738 298 949 331 sexualibus
973 309 994 331 a
1019 287 1048 339 ῼ
1073 293 1361 338 distinguendus.

319 371 482 406 Femina
508 368 653 402 valvula
677 367 795 400 anatis
820 367 980 400 don-satis
998 361 1504 403 conice-aubvomeriformis,
1524 362 1636 396 dotto

364 437 537 468 cristata:
563 432 677 464 crista
713 434 823 463 acuta
869 430 1099 469 summania,
1146 429 1242 461 areis
1289 426 1465 459 ambabus
1511 434 1639 470 sparse

365 505 489 531 crasse
514 491 721 538 punctatis,
748 493 910 536 margine
935 493 1067 535 apicali
1094 491 1248 524 auctiori
1276 490 1406 532 polito.

393 566 627 608 Habitalio
658 565 745 604 fere
776 562 917 603 eadem
960 575 1008 603 ac
1052 560 1384 614 Pemplzredom's·
1426 564 1640 607 montaui;

278 655 415 684 mense
458 639 591 687 sulio,
634 637 742 677 haud
787 638 995 688 frequens.
1050 635 1276 687 Utrumque
1318 647 1458 675 sexum
1501 640 1544 675 et
1601 637 1642 676 in

278 717 483 770 Lapponia
512 713 710 753 Tornensi
741 710 789 750 ad
819 710 1079 751 Karesuando
1110 715 1151 749 et
1181 711 1220 748 in
1254 708 1396 749 Scania
1425 712 1641 761 campestri

280 789 424 843 copula
455 788 640 840 junctum
669 784 835 837 collegit
865 783 946 823 Cel.
977 781 1266 824 Zelterstedt.
1325 782 1368 821 ln
1412 781 1643 822 Smolandia

279 865 469 905 seminam
501 862 598 914 legit
627 859 675 900 D.
723 856 920 910 Ljnngk,
966 856 1082 910 cujus
1124 854 1374 907 exemplaria
1421 857 1461 894 in
1505 855 1647 896 Museo

280 937 538 977 Universitat.
567 933 694 972 Lund.
749 932 1003 984 Entomolog.
1032 935 1231 970 asservata
1262 929 1444 968 lustravi.
1498 929 1543 968 In
1579 941 1650 970 eo-

282 1010 375 1051 dem
406 1013 551 1048 trunco
580 1006 727 1046 deusto
768 1005 1010 1049 carbonam.
1054 1004 1125 1043 ubi
1170 1001 1363 1055 Pemphr.
1406 1007 1649 1043 montanum

283 1084 321 1123 d.
349 1085 377 1120 9
406 1081 579 1133 Augusti
611 1081 719 1118 1810
748 1080 787 1117 in
817 1083 935 1129 prato
964 1077 1014 1116 ad
1045 1089 1189 1129 pagum
1219 1076 1366 1116 Faxels
1398 1076 1649 1117 Jemuandiae

284 1154 557 1208 deprehendi,
604 1155 725 1194 etiam
776 1152 862 1190 haec
906 1153 1061 1202 species
1103 1150 1200 1189 mihi
1241 1150 1359 1189 obvia
1406 1149 1494 1189 suit.
1548 1151 1651 1191 Tum

285 1233 413 1279 1841,
443 1228 480 1269 d.
508 1231 535 1267 2
564 1228 662 1267 Julii
692 1226 742 1266 ad
773 1225 907 1276 Ejstad
938 1223 1182 1264 Gottlandiae
1212 1228 1255 1263 et
1282 1225 1335 1262 25
1364 1223 1461 1264 Julii
1505 1225 1544 1263 in
1592 1226 1654 1264 in-

284 1304 373 1345 sula
404 1303 535 1342 Fz‘ihro
560 1301 677 1353 juxta
707 1298 978 1340 Gottlandiam
1025 1299 1064 1336 in
1106 1299 1342 1349 saepimento
1386 1297 1520 1350 ligneo
1561 1311 1653 1338 ver-

286 1381 477 1419 miseoato
507 1377 696 1415 feminam
727 1387 749 1413 e
779 1373 873 1413 nido
903 1373 1212 1423 provenientem
1242 1374 1343 1423 cepi.
1398 1371 1442 1410 ln
1485 1370 1652 1411 Germa-

287 1454 353 1493 nia
383 1453 489 1491 circa
520 1449 754 1501 Glogaviam
785 1445 938 1486 Silesiae
984 1456 1105 1496 parce
1135 1445 1301 1485 obvenit
1329 1450 1430 1485 teste
1447 1444 1529 1487 Cel.
1555 1443 1654 1486 Zel-

289 1526 378 1575 Ier,
408 1526 479 1577 qui
508 1523 726 1575 specimina
757 1522 970 1571 utriusque
999 1531 1122 1558 sexus
1151 1518 1321 1571 benigne
1352 1522 1585 1561 transmisit.

341 1614 490 1649 Observ.
539 1614 661 1646 Etiam
687 1609 765 1643 haec
790 1610 930 1652 species
956 1607 1153 1641 individuis
1178 1608 1463 1652 Pempltredonis
1489 1610 1655 1653 lugubris

380 1678 489 1712 facile
514 1674 684 1709 confundi
710 1677 854 1717 potest3
879 1671 915 1703 id
942 1671 1037 1714 quod
1063 1672 1128 1703 fiat
1153 1682 1299 1706 necesse
1324 1679 1400 1714 est,
1428 1675 1456 1706 ui
1493 1683 1548 1706 ex.
1597 1683 1652 1716 gr.

378 1740 552 1784 inspicias
577 1737 766 1771 dol-sulum
793 1744 894 1778 aeque
919 1733 1074 1767 nitidum
1100 1744 1142 1766 ac
1167 1736 1202 1769 in
1226 1734 1267 1768 P.
1302 1737 1469 1780 lngubr.‚
1512 1735 1653 1778 petiolo

382 1805 587 1840 abdominis
611 1808 648 1836 et
678 1792 705 1844 ῼ
731 1801 878 1835 vulvula
907 1801 1002 1834 anali
1029 1800 1167 1834 don-sali
1208 1801 1410 1846 neglegtis;
1457 1802 1514 1836 his
1561 1803 1655 1836 enim

381 1871 479 1904 notis
505 1868 659 1901 maxime
683 1865 970 1899 caracteristicis
995 1863 1072 1897 haec
1097 1869 1154 1898 est:
1178 1865 1318 1908 species
1363 1866 1654 1900 distinctissima.

381 1933 559 1967 Pilositas
583 1940 612 1962 s.
638 1928 821 1961 vinositas
847 1933 956 1971 atque
981 1929 1090 1959 etiam
1117 1928 1306 1971 sculptura
1338 1929 1415 1963 fere
1449 1929 1573 1962 eadem
1615 1939 1658 1962 ac

379 1995 422 2029 P.
448 1992 639 2038 lugzcbri85
664 1996 702 2025 at
726 1989 767 2023 P.
793 1990 955 2034 lugentis
981 1996 1091 2033 caput
1115 1997 1152 2024 et
1177 1997 1406 2025 mesonotum
1432 1993 1467 2025 in
1495 1998 1652 2035 utroque

382 2069 470 2092 sexu
496 2057 643 2102 parcius
671 2058 844 2098 punctata
870 2059 907 2085 et
931 2054 1048 2096 magis
1074 2053 1201 2086 nitida.
1247 2053 1351 2099 Palpi
1377 2055 1453 2088 fere
1479 2061 1520 2088 ut
1545 2056 1579 2088 in
1615 2054 1657 2090 P.

381 2127 559 2156 montano
587 2117 835 2152 rufobrunnei.
880 2117 1110 2150 Metanotum
1135 2118 1276 2160 postice
1302 2119 1494 2151 confertim
1520 2119 1659 2163 irregu-

384 2186 513 2219 lariter
537 2189 574 2216 et
601 2182 718 2215 minus
743 2188 865 2212 crasse
891 2189 997 2223 quam
1022 2180 1057 2211 in
1084 2180 1376 2222 praecedentibus
1420 2182 1633 2225 rugulusum
1651 2205 1660 2221 ,

386 2248 464 2280 basi
491 2257 518 2278 s.
545 2245 664 2289 spatio
690 2242 901 2276 cordiformi
929 2242 1044 2285 magis
1070 2243 1292 2286 regulariter
1317 2251 1353 2278 et
1387 2244 1658 2288 longitudinali·

386 2315 443 2342 ter
469 2306 818 2351 striato-ruguloso‚
844 2305 1046 2337 canaliculas
1071 2306 1189 2339 media
1215 2307 1290 2340 lata
1317 2309 1555 2349 suber-enata,
1582 2309 1658 2342 lim-

389 2372 434 2405 bo
461 2375 501 2403 ut
527 2371 560 2403 in
588 2368 626 2402 P.
652 2374 828 2402 montano
855 2368 1013 2399 (mulino.
1058 2367 1243 2410 Petiolns,
1271 2375 1312 2404 ut
1332 2372 1408 2415 Jam
1434 2371 1657 2405 demonstra-

388 2434 527 2473 vimus,
553 2434 698 2466 brevior
723 2437 760 2465 et
784 2432 980 2463 convexio·-
1005 2441 1111 2473 qnam
1137 2433 1171 2465 in
1199 2435 1507 2476 proecedentibus,
1539 2433 1657 2466 sulcu-

387 2496 423 2529 lo
450 2496 567 2530 medio
594 2498 756 2530 variante
783 2496 805 2528 l.
832 2494 1004 2527 distincto
1033 2494 1055 2526 Ι.
1081 2495 1262 2529 obsoleto.
1297 2496 1485 2530 Tibiarum
1503 2496 1657 2541 spinulae
