1752 3172
307 229 384 267 lu
831 225 898 267 40.
934 223 1135 267 Bembex.

304 334 569 384 domestica)
599 337 804 386 cujusdam
833 339 983 388 speciei
1011 337 1197 385 suerunt,
1228 349 1319 390 quae
1364 339 1401 376 in
1447 347 1565 376 arena
1611 339 1665 377 si·

305 409 342 448 bi
386 409 579 448 foramina
627 409 832 456 recerunt,
876 410 931 449 ibi
977 412 1157 462 puliulos
1197 423 1291 450 suos
1333 412 1583 463 nuti-iente53
1623 415 1666 450 at

304 494 377 533 pro
408 494 573 534 quaque
601 485 737 533 specie
769 483 886 522 modo
917 485 1059 522 unicus
1087 484 1289 535 pollutus,
1320 487 1389 536 qui
1413 484 1667 524 folliculatus

301 561 453 594 statura
486 562 526 595 et
557 556 831 608 magnitudine
863 555 1018 608 glandis
1049 557 1156 597 suit?
1213 559 1363 598 [terum
1399 561 1439 598 in
1481 557 1666 598 Gottlan-

303 630 366 669 dia
398 632 494 671 circ.
525 643 615 670 ann.
648 632 755 668 1810
785 636 846 669 est
875 629 959 669 haec
988 632 1161 681 species,
1193 631 1297 670 baud
1328 631 1472 683 procul
1497 631 1547 671 ab
1564 632 1665 671 urbe

304 701 446 754 Wisby
481 705 519 742 in
550 704 711 743 fossulis
744 705 923 743 arenosis
969 703 1084 755 juxta
1132 707 1235 745 viam
1281 705 1505 758 publicam,
1550 718 1571 744 a
1619 704 1666 745 D.

303 775 434 815 Profa*
473 774 710 830 Wahlberg
740 782 887 817 revisa.
947 778 988 816 ln
1033 777 1173 818 Scania
1220 779 1359 819 multis
1400 779 1500 819 locis
1541 779 1667 832 tec123

303 851 385 900 ipse
431 852 470 888 in
515 852 666 902 campis
709 852 773 891 vel
820 851 987 891 maculis
1030 855 1212 892 arenosis
1253 853 1441 893 seminam
1481 855 1667 905 copiose,

302 934 451 961 marem
483 935 604 974 parce
632 924 736 977 legi,
766 938 829 966 ex.
861 939 921 978 gr,
953 928 992 965 in
1026 928 1233 967 vicinitate
1265 927 1378 965 urbis
1409 926 1522 965 Lund
1561 928 1664 966 intra

302 995 487 1036 Pinetum
518 997 790 1050 Lackaliinga‚
831 1002 868 1039 in
908 1000 1115 1042 'fruticetis
1159 1000 1380 1053 Fogelsang
1423 1005 1465 1038 et
1508 999 1664 1048 Abusa,

301 1069 349 1108 ad
378 1070 516 1109 villam
548 1070 726 1111 Sitfakra
757 1073 823 1111 vel
855 1076 895 1112 in
927 1073 1096 1112 floribus
1128 1072 1245 1114 Rubi
1271 1077 1394 1114 caesia'
1418 1076 1521 1113 intra
1552 1074 1665 1113 alne-

301 1147 382 1181 tum
414 1144 516 1183 infra
550 1157 684 1185 arcem
716 1147 780 1185 vel
806 1146 922 1198 juxta
956 1147 1070 1186 littus
1104 1148 1215 1187 lacus
1261 1147 1447 1194 Kraken‚
1491 1147 1561 1187 ubi
1604 1148 1662 1194 (d.

299 1217 353 1254 28
382 1216 552 1269 Augusti
586 1221 713 1265 1838)
744 1221 783 1259 in
814 1233 959 1273 aggere
1008 1234 1207 1261 arenaceo
1249 1224 1301 1261 35
1348 1221 1514 1260 seminas
1554 1227 1597 1260 et
1637 1225 1663 1261 3

289 1291 429 1328 'mares
458 1293 542 1330 sine
575 1305 683 1332 mora
716 1293 761 1334 D.
793 1293 901 1334 Prot.
934 1291 1210 1334 Zellerstedt
1241 1299 1282 1333 et
1313 1296 1397 1346 ipse
1440 1295 1664 1346 deprehen-

299 1361 448 1410 dimus,
480 1365 527 1403 ad
558 1365 927 1418 KiviksAEsperfid,
959 1370 997 1407 in
1028 1369 1147 1408 litore
1189 1370 1309 1407 maris
1352 1368 1400 1408 ad
1444 1368 1662 1410 Sandbam-

301 1448 385 1475 mai·
429 1439 535 1476 intei-
581 1440 704 1478 urbes
747 1439 1036 1481 Cimbrishainn
1080 1447 1119 1482 et
1165 1442 1309 1489 Ystad‚
1353 1445 1393 1481 iu
1438 1443 1663 1496 Kullaberg

299 1509 404 1549 haud
435 1512 579 1562 procul
611 1513 661 1552 ab
692 1514 791 1554 urbe
816 1515 1110 1568 'Helsingborg‚
1141 1529 1177 1557 e.
1207 1529 1238 1557 s,
1274 1529 1311 1567 p.

409 1591 442 1629 A
474 1592 625 1632 Liunaei
659 1594 796 1633 verbis
822 1594 902 1646 jani
934 1598 1068 1636 citatis
1098 1597 1245 1636 ductus
1287 1597 1516 1634 existimavi
1562 1594 1658 1634 bina

251 1703 263 1706 -
294 1663 414 1715 hujus
441 1669 592 1719 speciei
623 1669 828 1708 individua
861 1673 964 1715 (not.
998 1670 1088 1710 ben.
1129 1683 1201 1722 par
1244 1668 1481 1720 conjugum)
1525 1669 1660 1718 singu·

294 1737 379 1778 lum
447 1753 652 1793 quemque
717 1743 853 1783 nidum
922 1744 1173 1792 inhabitare,
1239 1756 1361 1795 quam
1426 1742 1658 1792 opinionem

295 1825 421 1852 ineam
460 1818 581 1856 etiam
622 1819 662 1856 in
704 1817 921 1857 'Handbok
980 1817 1056 1858 (sec.
1116 1817 1145 1858 l.
1201 1830 1236 1857 c.
1294 1815 1501 1867 professus
1555 1825 1658 1853 sum.

292 1884 413 1926 Facta
471 1895 605 1929 autem
662 1890 945 1931 observatione
1003 1895 1106 1931 intra
1167 1891 1350 1931 Pinetum
1409 1887 1659 1939 Lackalfinga

290 1962 529 2005 (auctumno
601 1966 730 2012 1837,
797 1970 887 2016 post
953 1965 1102 2004 librum
1171 1964 1343 2011 editum)
1409 1963 1488 2002 hoc
1557 1961 1656 2001 mihi

290 2045 526 2084 persuasum
570 2044 631 2078 est
677 2040 882 2080 individua
930 2038 1050 2089 hujus
1091 2040 1243 2090 speciei
1289 2040 1328 2077 in
1357 2049 1480 2076 arena
1518 2047 1658 2088 grega-

291 2109 361 2147 tirn
389 2112 541 2152 vivere.
595 2113 695 2152 Nam
726 2116 765 2153 in
795 2117 1014 2153 memorata
1044 2112 1318 2163 plantatione,
1350 2111 1419 2150 ubi
1451 2109 1658 2149 Beinbices

288 2181 355 2220 vel
386 2195 506 2236 supra
531 2200 693 2227 arenam
724 2188 936 2228 volitantes
974 2185 1040 2224 vel
1086 2187 1283 2224 intrantes
1324 2186 1364 2223 in
1414 2184 1529 2224 nidos
1569 2185 1656 2222 aui-

286 2257 611 2309 madvertebam,
641 2262 744 2301 nidis
772 2262 893 2302 cultri
929 2272 1005 2312 ope
1037 2260 1210 2307 effossis,
1251 2261 1291 2298 in
1331 2271 1413 2298 uno
1453 2260 1478 2297 3
1524 2268 1656 2296 mare-s

286 2334 328 2368 et
356 2331 383 2369 2
414 2332 581 2374 seminas
609 2337 759 2377 inveni.
816 2339 871 2375 At
901 2339 1037 2387 postea
1082 2333 1316 2386 vestigando
1361 2333 1549 2384 quamuis
1592 2332 1652 2369 in-

284 2402 449 2445 defossis
479 2421 553 2449 nec
583 2410 765 2461 pollutos
794 2421 935 2449 earum
965 2420 984 2446 a
1016 2407 1179 2448 Linnaeo
1209 2410 1545 2447 commemoratos
1590 2404 1651 2442 vi-

283 2475 402 2526 dere,
433 2492 508 2521 nec
536 2485 746 2524 cuniculos
775 2488 983 2523 ineatusue
1009 2482 1296 2522 subterraneos
1309 2480 1443 2521 cultro
1458 2488 1652 2518 coi-ruen-

286 2554 344 2589 tes
372 2556 487 2604 sequi
516 2560 698 2611 contigit.
751 2555 836 2598 Hos
866 2568 965 2597 vero
1008 2554 1218 2597 cuniculos
1259 2551 1405 2604 singuti
1449 2549 1649 2601 cujusque
