1752 3172
613 227 681 268 46.
714 223 750 265 C
748 227 921 266 creeris.
1367 228 1444 264 201

86 340 129 374 et
160 336 416 377 meridionali
453 341 577 390 magis
622 336 796 388 propria)
837 338 954 379 sunt,
1000 331 1145 372 ibidem
1191 334 1228 371 iu
1277 336 1446 373 maxima

85 411 202 462 copia
231 415 491 451 occurrentes
518 415 559 449 et
590 412 745 462 pictura
776 409 867 460 plus
903 411 1033 447 minus
1075 406 1282 446 luxuriosa
1331 408 1448 447 valde

84 484 262 530 variant;
292 495 383 535 quae
412 484 575 535 quidem
609 485 779 523 variatio
811 484 980 533 picturae
1011 482 1115 520 ratio
1160 480 1236 520 suit
1280 484 1449 522 nominis

84 558 281 595 'orualoe'
310 568 391 608 quo
422 556 507 597 baec
537 559 693 609 specics
723 557 827 608 apud
858 556 1056 608 plurimos
1084 555 1285 595 Auctores
1326 556 1449 596 obve-

81 629 154 668 nit.
211 630 263 668 At
291 631 511 670 secundum
543 633 767 683 prioritatis
798 630 928 682 legem
972 640 1117 668 nomen
1161 631 1359 669 ’ornuloe'
1403 637 1447 669 ut

81 704 285 742 recentius
313 704 579 754 rejiciendum
624 711 664 744 ct
708 702 955 755 'rybyensts'
999 708 1044 740 ut
1087 703 1313 752 antiquius,
1358 705 1444 744 scil.

75 772 157 826 ⁴jam
189 789 292 816 anno
326 780 429 816 17⁷1
462 791 483 817 a
514 776 684 818 Lae'mieo
714 778 971 829 adoptatum,
1005 775 1300 816 restituendum
1327 782 1444 816 essct.

77 845 175 888 Cum
218 862 316 890 vero
360 864 505 891 nomen
550 849 767 904 rybyense's
812 856 966 890 tantum
1022 849 1218 901 praedium
1274 862 1443 901 parvum

75 922 232 963 Sueciae
261 927 482 977 superioris
529 930 703 977 spectat,
748 931 787 964 et
831 923 1118 964 animalculum
1163 923 1240 964 hoc
1283 927 1444 963 nomine

75 996 324 1049 designatum
355 1011 435 1038 non
464 998 594 1038 solum
626 1000 665 1038 in
696 997 837 1038 Suecia
869 999 1094 1049 superiori,
1124 997 1192 1037 sed
1223 1000 1262 1037 in
1309 998 1438 1037 media

73 1074 115 1108 et
145 1070 423 1118 meridionali.
454 1079 569 1112 extra
600 1072 785 1112 Sueciam
817 1075 855 1111 in
886 1071 1071 1123 plurimis
1100 1072 1272 1123 Europae
1311 1073 1443 1124 regio-

76 1142 195 1183 nibus
224 1150 347 1197 atque
377 1153 490 1186 extra
522 1147 726 1199 Europam
757 1148 877 1185 etiam
902 1148 940 1185 iu
959 1146 1109 1198 Algiria
1133 1145 1281 1185 Arricae
1300 1157 1443 1185 occur-

74 1218 150 1263 rit;
179 1221 366 1270 sequitur
396 1233 541 1260 nomen
571 1219 776 1272 rybyense
807 1222 865 1259 rei
897 1220 1169 1272 exprimendae
1196 1221 1324 1271 impar
1340 1231 1439 1259 esse.

74 1289 256 1330 Ulterius
294 1305 418 1344 quum
463 1306 601 1334 omnes
642 1296 796 1346 species
844 1292 964 1344 hujus
1015 1296 1178 1345 generis
1228 1293 1439 1333 luxuriosa

73 1366 231 1416 pictura
263 1373 479 1415 ornantur,
509 1381 653 1407 nomon
682 1372 877 1408 'ornuloe'
908 1380 981 1419 pro
1012 1368 1183 1419 quadam
1200 1369 1333 1418 specie
1359 1369 1440 1406 sin-

72 1438 204 1490 gulari
236 1442 367 1479 miuus
396 1448 534 1493 aptum
564 1444 808 1494 putavimus,
867 1441 989 1492 Cujus
1019 1443 1079 1480 rci
1108 1441 1243 1480 habita
1279 1443 1437 1481 ratione

72 1523 219 1552 nomeu
250 1513 524 1566 'vara'aba·lis·‚
555 1517 603 1556 ad
636 1517 896 1556 vacillantem
930 1516 1104 1556 thoracis
1133 1515 1439 1567 abdominisque

70 1587 271 1637 picturam
301 1588 614 1640 significandam,
643 1603 664 1630 a
696 1589 780 1630 Cel.
813 1589 965 1630 Rossa‘o
992 1589 1074 1642 jam
1091 1590 1227 1630 datum
1246 1591 1438 1629 restituc-

67 1670 113 1697 re
146 1659 364 1702 voluimus.

181 1751 330 1803 Raptat
363 1754 508 1792 semina
542 1753 844 1806 Hymcnoptera
892 1751 1103 1799 mellifica.
1149 1768 1240 1807 quae
1286 1757 1435 1797 mandi-

68 1820 176 1862 bulis
204 1825 365 1866 domum
399 1832 593 1878 reportat,
624 1828 806 1879 pullulos
837 1830 876 1867 in
908 1827 1033 1866 fundo
1065 1829 1348 1869 cuniculorum
1368 1832 1438 1871 ab·

66 1893 171 1935 ditos
220 1902 424 1940 nutriendi
469 1912 620 1940 caussa.
668 1899 750 1940 Cel.
796 1897 1020 1940 Slmckard
1064 1905 1273 1942 annotavit
1323 1905 1436 1945 semi-

67 1981 155 2009 nam
213 1985 358 2025 capere
420 1971 619 2013 Halcceos
677 1973 980 2023 rubicundam,
1024 1974 1346 2025 fetltffoce'nclum
1392 1986 1435 2020 et

66 2041 375 2087 leucozom'um.
434 2048 521 2099 lpse
551 2047 589 2087 d.
621 2050 674 2086 22
703 2049 786 2088 Juli
836 2051 938 2088 1635
990 2052 1029 2089 iu
1077 2056 1211 2090 monte
1257 2051 1434 2104 Omberg

66 2113 337 2170 Ostrogotbiae
365 2121 546 2160 Succica:
579 2123 658 2161 vidi
692 2122 879 2162 seminam
925 2123 1087 2162 domum
1134 2132 1434 2174 revertentem,

67 2190 175 2231 inter
204 2195 457 2235 mandibulas
488 2199 692 2236 tenentem
724 2198 936 2249 exemplar
969 2197 1168 2252 Panurgi
1196 2204 1346 2241 nrse'm'.

0 2393 136 2451 [χω
157 2409 161 2411 <
180 2395 271 2435 119.
335 2394 530 2436 Cercerts
560 2394 870 2447 albofasca'alu‚
902 2395 995 2450 (ἷῼε
1022 2400 1046 2437 3
1063 2398 1132 2439 lin.
1154 2401 1260 2453 long.
1278 2405 1432 2454 griseo-

57 2466 259 2518 subpilosa
290 2474 398 2516 atra,
430 2469 551 2518 racio,
583 2470 728 2521 tegulis
757 2483 804 2509 cx
839 2477 972 2522 pai-tc,
1001 2473 1139 2511 sti-iola
1170 2475 1424 2525 postscutclli

59 2541 278 2597 (interdum
310 2543 442 2590 nulla)
484 2546 697 2595 fasciisque
742 2544 1066 2586 abdominalibus
1110 2552 1301 2599 (quarum
1342 2561 1429 2600 scg—
