1752 3172
624 229 692 267 23.
724 228 763 267 A
767 241 850 281 gen
857 233 910 270 ia.
1398 239 1451 275 89

54 343 161 392 ⁴que
200 350 340 379 sexum
380 336 496 387 juxta
545 336 758 388 Templum
803 337 974 377 Gothem
1026 338 1268 379 Goulandiae
1312 342 1350 381 cl.
1402 347 1446 382 17

79 413 163 457 Juli
210 413 336 457 1841,
369 412 476 461 ipse.
533 410 631 450 Sub1
667 411 789 450 Junio
846 418 1000 452 tantum
1060 416 1098 452 in
1149 413 1290 455 Scania
1347 416 1449 456 hanc

46 534 56 544 l
79 488 252 539 speciem
282 483 521 531 observavi,
554 486 592 523 in
638 484 854 524 altioribus
897 485 1172 527 Scandiuaviae
1217 492 1449 542 regionibus

80 565 172 600 ante
201 557 353 597 Julium
385 563 425 596 et
456 563 544 609 post
574 560 798 610 Augustum
831 572 907 599 non
939 569 1010 600 aut
1041 574 1133 600 raro
1164 566 1365 613 provenit.
1406 566 1448 604 ln

75 634 493 676 siccis-vermisecatis
521 637 562 670 et
591 645 696 683 saepe
729 633 951 686 fuliginosis
984 638 1136 674 truncis
1154 636 1255 675 hanc
1272 640 1448 688 speciem

80 712 124 747 ut
154 708 373 758 plurimum
407 706 511 758 legi,
543 718 842 758 nonnumquam
884 710 1004 746 etiam
1051 711 1090 747 in
1137 711 1308 750 truncis,
1331 712 1449 750 arbo-

76 794 166 820 rum
200 782 447 827 viventium
478 793 540 819 ex.
578 794 635 833 gr.
675 783 713 820 in
756 779 1012 833 Ostrogothia
1059 781 1095 821 d.
1144 783 1306 822 15430
1348 784 1445 824 Julii

85 858 193 894 1829
223 855 306 895 vidi
339 855 505 894 feminas
535 855 562 893 l.
593 857 631 893 in
659 867 763 906 saepe
791 855 924 907 ligneo
956 855 981 895 l.
1012 858 1052 896 in
1083 862 1226 897 trunco
1270 869 1446 909 quercus

76 934 342 970 excurrentes
357 934 397 969 et
414 933 671 972 recurrentes
686 930 724 967 in
742 929 839 981 ligni
856 932 999 969 cariosi
1013 929 1188 979 fistulas3
1204 932 1365 971 easdem
1378 932 1448 971 ob-

75 1005 322 1042 servationes
331 1003 379 1042 ad
394 1009 558 1043 truncos
579 1003 814 1055 fuliginosos
827 1005 865 1042 in
878 1003 1163 1056 Harffisberget
1174 1005 1222 1045 ad
1233 1006 1447 1058 Templum

73 1077 204 1117 Arbra
233 1075 442 1117 Gestriciae
470 1077 509 1116 d.
539 1078 593 1115 21
622 1077 791 1129 Augusti
825 1080 931 1117 1810
961 1073 1120 1130 repetii.
1178 1080 1361 1132 Denique
1406 1082 1448 1119 in

77 1150 283 1204 Helsingia
331 1152 379 1191 ad
409 1151 559 1191 Glosbo
590 1150 626 1189 d.
656 1153 708 1190 25
739 1151 910 1204 Augusti
943 1155 1051 1192 1840
1079 1153 1173 1193 huic
1201 1154 1306 1193 facto
1325 1160 1446 1193 testes

77 1225 159 1272 fui,
189 1226 274 1266 scil.
320 1229 358 1265 in
406 1225 571 1266 cumulo
617 1237 808 1272 arenoso,
854 1226 923 1264 ubi
970 1226 1096 1266 multa
1141 1226 1447 1280 Hymenoptera

77 1300 243 1339 fossoria
276 1302 315 1338 in
346 1299 483 1339 calore
513 1298 608 1349 solis
638 1298 853 1346 ludorum,
891 1298 1019 1350 jacuit
1062 1306 1229 1340 truncus
1271 1304 1447 1341 exsicca-

81 1380 144 1413 tus
173 1375 321 1414 radicis
352 1373 456 1413 Pim'
480 1368 726 1426 sylves-Iris,-
753 1374 826 1412 sub
858 1386 987 1413 vacuo
1018 1376 1123 1414 iutra
1152 1375 1448 1415 ramosradica-

75 1448 135 1487 les
164 1448 420 1500 divergentes
449 1447 712 1486 animadverti
746 1448 931 1496 feminam
963 1446 1019 1486 A.
1050 1451 1290 1502 varz‘egaloe
1324 1462 1446 1490 oecu-

76 1528 207 1574 patam
238 1521 454 1574 colligendi
486 1520 692 1560 arenulam
725 1521 969 1561 mandibulis
999 1529 1041 1562 et
1077 1524 1290 1564 collectam
1339 1527 1444 1564 intra

79 1601 266 1635 truncum
298 1608 370 1647 per
401 1595 581 1634 foramen
619 1597 744 1635 cariei
788 1596 990 1647 quoddam
1036 1600 1074 1636 in
1119 1597 1338 1637 latibulum
1383 1603 1447 1637 re-

73 1670 281 1722 portandi3
312 1681 395 1721 quo
425 1669 530 1708 facto
562 1671 713 1707 iterum
742 1671 841 1708 exiit
863 1669 1079 1722 colligendi
1097 1684 1234 1711 caussa
1253 1671 1447 1712 collecto-

75 1740 162 1796 que
185 1743 306 1783 rediit
336 1756 369 1782 e.
398 1755 427 1782 s.
459 1755 496 1794 p.
555 1741 661 1782 Hinc
690 1743 853 1794 quidem
893 1744 1139 1784 concludere
1186 1746 1284 1786 licet
1329 1746 1445 1786 femi-

18 1810 21 1812 ’
77 1830 165 1856 nam
196 1822 424 1869 reportasse
469 1817 678 1856 arenulam
725 1820 763 1856 in
808 1815 985 1857 fistulam
1029 1831 1138 1858 suam
1185 1833 1230 1859 ea
1276 1819 1443 1859 forsitan

76 1893 232 1930 ratione
265 1896 307 1930 ut
351 1890 534 1936 larvula,
579 1903 704 1942 quum
752 1891 1095 1943 metamorphosin
1139 1892 1275 1932 subire
1320 1899 1442 1945 atque

75 1946 302 2004 folliculum
335 1976 563 2016 praeparare
598 1963 745 2011 vellet,
777 1964 986 2004 arenulam
1018 1965 1066 2004 ad
1100 1965 1326 2006 folliculum
1353 1979 1443 2006 cor·
1475 2020 1481 2024 „

79 2038 349 2078 roborandum
380 2038 573 2078 adhibere
605 2043 752 2089 posset.
811 2038 968 2078 Etenim
1000 2038 1206 2079 folliculos
1242 2039 1444 2091 Pompilo-

77 2125 190 2159 rum,
219 2112 294 2152 sub
324 2111 524 2163 lapidibus
552 2111 769 2160 collectos,
799 2113 985 2151 frustulis
1014 2126 1146 2152 arenae
1183 2113 1445 2165 adglutinatis

79 2188 295 2226 instructos
327 2186 447 2224 fuisse
479 2184 571 2224 vidi.
981 2181 987 2187 ’

127 2304 210 2338 Oba.
262 2301 356 2336 Man.
404 2303 544 2346 Corpus
570 2303 898 2346 proportionaliter
923 2305 1112 2338 robustum
1140 2304 1294 2338 nitidum
1315 2310 1442 2346 sparse

168 2372 406 2411 punctatum,
426 2366 624 2398 'abdomine
650 2368 891 2409 punctulato,
918 2378 1026 2411 parce
1059 2368 1303 2412 griseo-fusco
1353 2366 1442 2408 pilo-

111 2474 114 2480 .
167 2432 319 2470 sellum,
347 2430 614 2462 carbonarium.
656 2429 772 2462 Frons
798 2435 856 2462 sat
881 2440 1061 2472 convexa,
1088 2432 1222 2465 lineola
1258 2428 1442 2472 diagonati

167 2494 466 2528 suboblitterata.
516 2493 718 2525 Stemmata
743 2502 872 2536 magna
898 2494 932 2526 in
968 2495 1189 2538 triangulum
1233 2493 1442 2526 subrectan-

163 2559 289 2604 gulum
316 2558 508 2602 disposita.
557 2558 729 2589 Antennae
756 2555 941 2599 longiores
974 2566 1080 2599 quam
1122 2555 1307 2595 hircanae,
1349 2558 1442 2587 cete-

1272 2622 1323 2659 12
