1752 3172
310 228 363 265 54
478 216 480 218 V
605 213 611 217 ’
826 231 893 269 22.
930 229 1157 283 Pompe'lns.

307 336 347 373 in
376 346 497 388 segm.
526 338 574 385 2,
607 340 652 384 3,
682 340 730 385 4,
761 341 820 385 5),
849 351 940 378 cum
971 339 1044 378 alis
1088 339 1226 387 luteis,
1273 340 1333 379 his
1378 343 1492 392 apice
1536 354 1668 382 eoeru-

304 411 574 462 seenle-nigro
605 411 779 450 sumatis.

353 481 460 514 Fam.
487 481 588 516 Piez.
613 483 692 518 215.
717 483 773 523 39,
798 481 921 526 Sphex
947 482 994 515 m.
1022 483 1131 518 Fam.
1157 485 1198 517 E.
1225 483 1259 517 s,
1285 486 1317 519 2.
1344 472 1542 520 219893.-
1563 484 1666 519 Pom-

392 543 496 586 pilas
523 537 831 590 accepitne-tatus:
858 546 968 579 Panz.
996 546 1059 578 Fn.
1084 546 1138 581 76.
1166 547 1218 580 17.

414 623 601 674 Habitat
631 630 671 667 in
702 629 903 680 Hispaniae
933 629 1089 668 vinetis
1120 628 1163 667 D.
1183 660 1186 668 ,
1205 626 1313 683 Valtl
1339 641 1416 668 sec.
1446 629 1560 670 Fabr.
1587 632 1612 670 l.
1631 645 1664 671 c.

300 697 342 738 ln
373 699 542 739 Prussiae
572 705 750 741 arenosis
781 714 907 754 prope
937 701 1093 749 Berlin,
1125 702 1180 740 D:
1200 699 1424 741 Erz‘clzsou.

348 778 432 819 obs.
444 781 613 818 Femina.
626 785 821 818 Structura
832 786 998 829 corporis
1010 786 1156 818 omnino
1169 783 1212 818 P.
1222 783 1399 828 rnfipedis
1412 774 1439 825 ῼ
1453 809 1462 824 ,
1487 782 1527 818 ειέ
1550 786 1660 818 abdo-

388 855 468 879 men
495 849 822 891 proportionaliter
847 848 992 892 longius
1026 857 1090 880 nec
1115 858 1183 880 ano
1219 848 1271 880 ita
1318 856 1568 890 compressum
1605 849 1663 881 vel

388 896 618 946 attenuatum
646 920 686 947 ut
711 915 941 960 inxrufipede
966 904 1006 955 ῼ.
1048 916 1190 958 Corpus
1215 913 1522 957 fuscopubescens
1549 920 1587 948 et
1610 916 1660 959 pi-

389 975 521 1008 losum.
569 977 687 1020 Caput
712 977 829 1011 in‘star
854 977 1031 1023 rufipedis
1056 977 1253 1010 formatum
1278 983 1316 1009 et
1341 977 1537 1020 sculptum.
1577 977 1657 1010 Pal-

390 1038 426 1081 pi
471 1039 572 1073 lutei.
645 1040 806 1083 Clypeus
854 1041 1229 1084 convexo-depressus
1276 1041 1657 1084 pubescenti-opacus,

388 1101 657 1134 confertissime
682 1107 878 1145 punctatus
903 1105 1066 1147 margine
1091 1102 1222 1147 apicali
1249 1102 1330 1134 laevi
1358 1108 1543 1139 truncato.
1569 1104 1658 1137 Pars

385 1153 515 1206 xclypei
542 1164 707 1207 apicalis,
735 1165 889 1205 labrum,
938 1166 1157 1199 mandibulae
1206 1165 1301 1197 intra
1326 1165 1428 1198 basin
1455 1171 1493 1198 et
1516 1167 1657 1210 apicem

388 1224 597 1269 ferruginea
622 1232 686 1260 aut
711 1227 822 1261 fulva.
866 1228 1053 1262 Interdum
1079 1238 1165 1260 vero
1192 1228 1344 1271 clypeus
1370 1227 1447 1260 fere
1481 1234 1582 1262 totus
1608 1230 1657 1262 ni-

391 1298 468 1331 ger,
497 1288 597 1322 disco
623 1289 1098 1335 ferrugineo-bipunctatus.
1154 1293 1327 1324 Antennae
1352 1290 1463 1324 fulvae
1488 1292 1656 1325 articulis

390 1352 643 1385 terminalibus
668 1353 793 1386 fuscis.
841 1355 947 1393 Oculi
974 1364 1100 1396 margo
1127 1354 1296 1386 orbitalis
1321 1355 1476 1387 interior
1500 1354 1545 1387 ad
1559 1354 1655 1387 fron-

386 1420 456 1447 tem
484 1420 521 1448 et
547 1417 733 1458 posterior
765 1416 810 1449 ad
840 1422 1007 1460 tempora
1041 1417 1122 1463 1³¹³?
1148 1418 1264 1449 minus
1290 1416 1482 1460 ampliato·
1502 1422 1568 1450 aut
1594 1427 1653 1451 an-

386 1477 744 1521 gustato-solvimus.
799 1480 1002 1513 Stemmata
1028 1480 1145 1512 minus
1171 1490 1331 1512 convexa
1357 1481 1392 1511 in
1419 1480 1550 1513 lineam
1575 1491 1654 1513 cur-

345 1581 351 1586 ,
385 1551 464 1573 vam
492 1542 761 1575 sub-immersa.
805 1544 954 1577 Pronoti
981 1553 1106 1586 margo
1134 1544 1310 1586 posticus,
1331 1548 1484 1586 puncta:
1511 1543 1652 1584 don-suli

390 1608 642 1637 transversum
676 1607 781 1653 ovale
814 1605 1113 1644 antescutellare‚
1147 1623 1191 1630 -—
1225 1606 1370 1638 scutelli
1404 1606 1650 1640 orbiculatum

382 1667 558 1708 centrale,
585 1668 799 1712 alarumque
826 1669 972 1712 tegulae,
998 1669 1111 1701 lutea.
1182 1668 1258 1700 Alae
1306 1675 1502 1711 earumque
1550 1678 1650 1702 venae

384 1730 611 1771 concolores,
638 1732 748 1765 limbo
777 1733 909 1776 apicali
935 1731 1182 1775 nigrofumato
1216 1740 1260 1763 ex
1286 1731 1449 1763 violaceo
1483 1737 1547 1764 aut
1581 1742 1648 1764 coe-

383 1793 491 1826 ruleo
519 1794 670 1827 nitens.'
700 1795 871 1828 Cellulae:
898 1795 1049 1828 radians
1075 1794 1303 1841 lanceolata3
1335 1794 1513 1827 cubitales
1539 1796 1647 1829 inter-

378 1856 508 1888 mediae
534 1857 819 1901 subn-apezinae,
843 1857 924 1892 21dn
950 1858 1062 1889 latior
1093 1867 1199 1899 quam
1224 1856 1326 1891 saia.
1392 1859 1467 1890 Alze
1494 1860 1646 1901 postica!

380 1928 470 1952 vena
496 1921 639 1962 postica
664 1927 748 1964 post
774 1922 950 1964 originem
985 1920 1157 1952 cubitalis
1191 1919 1335 1952 desinit.
1406 1922 1536 1962 coxae,
1573 1928 1644 1955 tro-

375 1982 584 2023 chanteres,
610 1983 748 2016 femora
774 1985 800 2025 (,
826 1969 940 2027 usque
965 1984 1001 2016 in
1025 1982 1171 2026 genum)
1197 1984 1320 2026 nigra3
1368 1994 1507 2027 genua,
1544 1985 1644 2018 tibiae

381 2046 544 2088 tan-sique
569 2045 681 2087 fulva,
709 2046 837 2080 horum
863 2046 1010 2079 articuli
1038 2045 1246 2078 terminales
1288 2046 1371 2089 plus
1409 2049 1527 2079 mimis
1554 2047 1643 2080 infu-

374 2100 479 2141 scati‘.
528 2109 646 2142 Tibiae
673 2111 834 2154 tarsique
859 2109 1097 2143 multifariam
1124 2119 1249 2152 sparse
1275 2110 1422 2153 spinosa
1446 2111 1471 2150 (,
1505 2116 1543 2142 at
1568 2111 1642 2143 illae

374 2181 568 2214 numquam
596 2172 776 2213 serratae).
845 2173 953 2206 'rarsi
1002 2173 1112 2204 antici
1145 2171 1295 2204 fortiter
1327 2173 1501 2215 pectinati
1527 2174 1641 2217 spinis

374 2231 704 2278 proportionaliter
731 2236 960 2269 brevioribus
993 2245 1100 2278 quam
1125 2236 1170 2267 'in
1195 2234 1374 2279 rufipede.
1423 2229 1640 2279 Unguiculo-

373 2307 453 2330 rum
479 2297 566 2350 dens
593 2299 738 2331 omnino
765 2304 805 2331 ut
829 2299 864 2330 in
889 2296 1065 2341 rufipede.
1111 2300 1119 2307 '

326 2368 414 2404 Not.
443 2371 477 2411 1)
505 2372 579 2404 Cel.
613 2369 693 2404 Van
724 2371 786 2404 der
809 2368 953 2404 Linden
1000 2376 1064 2403 aut
1104 2371 1214 2404 aliam
1248 2382 1269 2404 a
1316 2377 1443 2405 nostro
1469 2371 1636 2414 Pompilo

369 2433 476 2466 valde
502 2433 682 2467 diversam
709 2435 865 2478 speciem
893 2434 1154 2477 descripserit,
1201 2440 1266 2467 aut
1313 2434 1443 2467 falsam
1492 2433 1636 2467 dederit

370 2496 653 2540 descriptionem
681 2497 850 2530 dicendo:
877 2497 931 2538 (P.
959 2497 1306 2541 quadripunctntus)
1339 2498 1384 2529 ”a
1416 2497 1470 2529 les
1492 2497 1635 2540 Jambes

369 2560 620 2602 posterieures
646 2560 831 2594 ‹lentelees
857 2571 899 2594 en
926 2561 1034 2594 scie.’'
1083 2560 1156 2594 Cfr.
1197 2560 1239 2594 V.
1266 2560 1299 2593 d.
1334 2559 1440 2593 Lind.
1487 2560 1575 2597 obs.
1601 2560 1631 2595 1.

372 2620 565 2658 324-325.
590 2623 640 2657 19.
1550 2612 1552 2615 ’
