1752 3172
291 219 372 257 232
626 211 694 255 48.
726 209 954 252 Mellimcs.
1012 213 1081 252 49.
1113 209 1319 253 Diuetus.

385 328 426 358 ut
450 327 615 363 constat,
642 321 724 355 ssavi
749 323 784 355 in
814 319 967 355 Mellino
993 320 1140 355 arcensi
1162 325 1200 354 et
1247 319 1365 353 solum
1413 320 1449 352 in
1499 317 1653 353 Mellino

382 387 551 422 sabuloso
577 385 658 418 rufi.

342 469 442 515 Apud
469 465 628 500 DeGeer
651 473 758 498 mem.
781 465 815 498 2.
838 465 872 498 2.
896 464 975 499 820.
999 464 1033 498 3.
1057 464 1094 496 in
1119 463 1367 508 descriptione
1404 460 1555 496 Mellitn'
1598 474 1656 497 ar-

383 531 501 565 nensis
525 528 603 562 haec
628 528 738 561 verba
763 530 980 559 occurrunt:
1002 525 1080 558 ”les
1104 528 1245 559 cuisses
1270 531 1353 558 sunt
1387 527 1531 567 noires,
1565 528 1657 560 mais

388 597 440 628 ies
464 593 606 637 jambos
630 595 668 623 et
693 590 746 623 les
771 588 875 633 pieds
900 594 985 622 sont
1008 589 1144 628 roux'’;
1177 599 1258 633 quse
1304 589 1414 622 verba
1462 591 1554 623 satis
1601 590 1658 624 de-

387 659 593 692 monstrant
618 653 872 692 DeGeerium,
898 652 1093 685 secundum
1118 653 1288 695 Magistri
1315 653 1369 684 sui
1397 653 1535 686 Linnaei
1585 655 1659 698 opi-

388 723 552 760 nionem,
581 715 776 750 Mellinum
798 715 1006 749 sabulonem
1025 720 1066 749 ut
1076 716 1291 749 varietatem
1304 714 1465 748 arnensis
1476 715 1659 750 habuisse.

414 803 507 843 Not.
566 800 778 843 Mellinns
804 801 1023 851 pratensis
1054 798 1160 838 Latr.
1196 797 1296 838 Gen.
1338 797 1405 837 lV.
1447 800 1512 839 86.
1555 799 1661 839 forte

301 879 466 930 quidem
498 879 672 918 varietas
701 873 945 927 praecedent.
986 872 1150 924 Species
1179 873 1296 915 uobis
1323 875 1487 912 omnino
1515 875 1663 928 ignota.

307 1128 561 1184 Familia
598 1131 647 1182 9.
693 1124 1429 1181 PEMPHREDONIDAE
1467 1126 1662 1185 lem.

554 1276 635 1323 49.
689 1275 860 1323 Genus
896 1274 1191 1324 DINETUS
1222 1275 1412 1324 Jurine.

424 1387 516 1425 134.
573 1381 764 1425 Dinetus
789 1387 959 1438 pictus,
990 1381 1084 1437 (ζᾭι
1113 1385 1140 1423 2
1169 1385 1239 1426 lin.
1266 1387 1372 1439 long.
1399 1390 1532 1440 capite
1577 1387 1664 1426 tho-

303 1471 478 1511 raceque
508 1459 760 1511 punctulatis
788 1461 1060 1513 opaco-nigris
1088 1459 1422 1513 ssavo-pallidove
1454 1463 1570 1514 pictis
1597 1473 1665 1514 pe-

304 1533 420 1574 dibus
449 1533 753 1581 concolor-ibus,
787 1533 1001 1574 abdomine
1031 1533 1518 1589 rufo-nigro—pallidoque
1539 1538 1667 1585 vario,

302 1611 506 1647 metanoto
535 1609 729 1658 utrinque
759 1609 936 1655 sericeo,
974 1608 1104 1659 spatio
1146 1607 1381 1648 cordisormi
1426 1609 1454 1648 l.
1496 1609 1665 1660 oblique

303 1681 331 1721 l.
357 1680 630 1721 subarcuatim
661 1680 942 1733 irregulariter
972 1681 1156 1733 strigoso.

346 1771 459 1806 Panz.
485 1772 584 1808 Krit.
608 1772 732 1806 Revis.
755 1774 789 1807 2.
815 1771 901 1813 1933
925 1772 1030 1806 Latr.
1057 1771 1147 1805 Gen.
1172 1771 1235 1805 lV.
1259 1771 1326 1813 733
1358 1771 1534 1809 Vanderl.
1576 1772 1665 1806 Obs.

390 1837 425 1870 2.
449 1834 505 1872 26.
530 1834 571 1876 1;
597 1833 729 1869 Shuck.
755 1835 860 1868 Foss.
887 1835 1000 1879 Hym.
1025 1833 1117 1868 Gen.
1141 1834 1241 1869 XVI.
1267 1834 1330 1879 Sp.
1355 1835 1380 1868 1.
1404 1833 1530 1868 Larra
1559 1835 1667 1878 picta

392 1897 493 1942 Spin.
519 1898 547 1931 Ι.
573 1897 618 1931 L.
643 1897 675 1932 1.
699 1898 756 1932 73.
780 1895 812 1933 4.

352 1977 435 2014 Mas
458 1979 628 2013 antennis
652 1979 746 2021 (fere
771 1984 811 2012 ut
835 1980 871 2011 in
897 1976 1074 2020 Antilope
1098 1975 1313 2021 cervia-apra
1338 1977 1439 2019 Lin.)
1471 1979 1665 2012 contortis.

394 2043 513 2087 Caput
539 2041 674 2076 flavum
699 2042 838 2075 vertice
862 2046 973 2084 atque
997 2039 1181 2072 interdum
1206 2040 1302 2073 linea
1326 2041 1525 2084 conjuncta
1570 2041 1667 2075 fron-

393 2106 458 2140 tali
486 2106 612 2150 nigris.
658 2106 905 2139 Antennarum
931 2113 1065 2147 scapus
1097 2112 1244 2136 crassus
1291 2104 1422 2147 gibbus
1471 2104 1668 2138 obconicus

391 2169 495 2213 apice
520 2168 728 2202 iateraliter
774 2173 971 2201 excavatus
1018 2171 1172 2210 propter
1218 2167 1473 2211 exceptionem
1520 2167 1667 2201 articuli

394 2232 573 2276 proximi,
595 2230 843 2275 nigro-fuscus
868 2229 963 2263 infra
990 2228 1199 2263 flavescens.
1247 2230 1455 2264 Pedicenus
1487 2230 1556 2264 hoc
1585 2241 1670 2275 qua-

390 2294 522 2339 druplo
548 2294 693 2328 brevior
713 2299 750 2327 et
769 2293 881 2337 duplo
894 2293 1389 2338 angustiorsubcylindricus
1401 2293 1668 2339 nigro-fuscus;

394 2357 580 2401 flagellum
605 2357 683 2391 basi
709 2362 747 2390 et
771 2357 891 2390 medio
917 2359 1079 2391 crassius
1104 2361 1141 2390 et
1167 2358 1293 2398 latius,
1319 2363 1359 2392 at
1383 2359 1524 2402 apicem
1540 2367 1668 2391 versus

393 2427 500 2454 tenue
524 2426 562 2455 et
587 2419 778 2461 fiiiforme,
804 2421 971 2454 articulis
994 2421 1036 2462 3,
1059 2418 1101 2462 4,
1127 2421 1149 2456 5
1172 2421 1512 2463 subconformibus,
1553 2430 1665 2464 supra

394 2485 507 2528 nigris
532 2489 569 2518 et
594 2482 755 2517 nonnihil
782 2484 1083 2525 convexionibus,
1109 2483 1203 2518 infra
1251 2483 1566 2524 testaceo-fuscis,
1613 2493 1666 2517 se-

395 2548 590 2590 quentibus
615 2556 729 2590 usque
754 2548 788 2581 in
815 2548 904 2582 10:n·
931 2547 1187 2582 com-oloribus
1214 2548 1423 2589 tortilibus,
1449 2547 1526 2581 fere
1559 2548 1665 2581 latio-
