1752 3172
330 215 410 251 188
826 208 893 253 42.
927 209 1191 253 Philanelms.

327 323 822 376 sulphureo-marginatis,
852 322 927 362 alis
962 323 1341 376 subflavo-hyalinis
1383 325 1499 375 apice
1542 325 1690 367 leviter

330 399 502 437 sumatis.

385 486 504 529 Vespa
530 482 762 527 triangulum
788 487 892 519 Fabr.
918 487 956 522 S.
983 487 1023 520 Ε.
1049 487 1125 522 373.
1151 486 1205 522 49.
1232 505 1275 511 -
1301 485 1423 530 Sphex
1454 490 1511 522 2:a
1553 488 1690 524 Scheff.

427 547 547 590 Vespa
564 545 742 590 fasciam
769 549 919 584 Fourcr,
943 568 987 574 —
1019 548 1137 593 Vespa
1164 551 1316 584 limbata
1342 553 1439 586 oliv.
1465 570 1508 576 -
1545 551 1684 588 Crabra

424 612 663 653 androgynus
690 612 809 645 Rossi.
834 631 878 636 —
902 611 1125 646 Philantlms
1147 613 1271 656 piceus
1298 615 1407 647 Panz.
1455 616 1519 648 Fn.
1569 617 1692 650 Germ.

420 677 475 714 47.
500 678 554 712 23.
586 666 641 717 ἃς
666 679 775 713 Fabr.
801 679 901 715 Piez.
925 681 1006 716 302.
1029 683 1062 716 5.
1088 700 1130 706 -
1155 679 1377 714 Plaeitantlzus
1403 681 1559 715 discolor
1579 684 1692 717 Panz.

422 747 484 779 Fu.
508 745 630 778 Germ.
653 746 709 781 63.
731 745 783 780 18.
815 735 861 786 ὃ.
888 757 963 780 var.
989 766 1033 772 -·
1058 747 1280 783 Plzilanthus
1305 750 1540 793 triangulum
1584 752 1691 784 Fabr.

420 817 461 848 E.
489 814 524 847 S.
550 815 582 847 2.
610 812 686 848 289.
712 815 745 852 2,
772 812 871 845 riez.
896 813 973 848 302.
999 813 1033 849 4.
1054 803 1105 858 ῼ;
1133 815 1303 849 vanam-1.
1332 816 1420 849 ους.
1445 818 1478 850 2.
1512 816 1588 851 122.
1635 819 1692 857 2.;

420 876 575 911 Schuck.
604 878 642 910 F.
666 877 710 909 Η.
736 875 920 909 Philanth.
947 887 1001 920 sp.
1027 887 1084 909 nzo
1112 878 1164 918 1.;
1193 879 1299 911 lem
1327 879 1475 921 Dispos.
1510 879 1564 914 16.
1615 881 1691 915 125.

422 959 466 964 —
490 938 714 973 Philantlms
740 938 912 982 apivorus
936 940 1040 974 Latr.
1067 940 1157 973 Gen.
1184 941 1247 975 lV.
1271 940 1334 980 953
1374 940 1474 985 Spin.
1521 924 1614 976 Ins.v
1646 944 1694 977 L.

420 1005 448 1038 1.
473 1003 528 1038 95.
554 1003 584 1037 1.
612 1001 866 1046 διήιὺῖεΡΙιίἱαε
891 1002 1145 1046 triangulum,
1169 1004 1316 1048 pictus,
1353 1004 1534 1047 discolor,
1569 1006 1691 1041 diade-

425 1077 485 1100 ma
509 1067 586 1099 Jur.

447 1147 632 1188 ,Habitat
666 1159 777 1186 more
808 1147 1069 1187 Mellinorum
1101 1154 1142 1187 et
1182 1147 1439 1189 Cerceridum
1472 1152 1512 1188 in
1542 1154 1694 1204 campis

330 1225 503 1275 Europae
534 1223 674 1262 mediae
705 1227 745 1261 et
777 1222 1050 1261 meridionalis
1079 1224 1258 1261 arenosis
1287 1228 1329 1261 et
1361 1223 1558 1263 sabulosis
1602 1238 1694 1277 gre-

329 1301 464 1351 gatim.
523 1296 629 1335 Intra
662 1296 845 1336 boreales
874 1297 1012 1348 plagas
1041 1296 1172 1335 adhuc
1201 1298 1275 1335 nisi
1306 1296 1465 1336 duobus
1493 1298 1593 1338 locis
1621 1300 1693 1340 ob-

327 1378 513 1413 servatus
542 1376 581 1410 et
611 1375 753 1421 captus
782 1382 858 1408 non
888 1374 968 1416 est,
999 1370 1088 1410 scil.
1118 1370 1214 1410 olim
1246 1372 1382 1417 (initio
1399 1370 1518 1422 hujus
1533 1373 1690 1422 saeculi)

328 1447 378 1486 ad
410 1446 607 1485 Havniam
634 1443 832 1482 Selandiae
853 1456 872 1482 a
891 1439 1093 1482 Fabricio
1107 1472 1117 1492 ,
1135 1450 1175 1483 et
1191 1456 1320 1495 nuper
1341 1445 1523 1485 ininsula
1540 1446 1689 1488 Danica

330 1517 563 1559 Bornltolm
595 1532 615 1557 a
646 1517 693 1558 D.
727 1517 806 1558 Dzr.
838 1513 1056 1557 Sche'iidle.
1087 1517 1130 1556 In
1161 1517 1375 1558 Germania
1407 1519 1455 1558 ad
1473 1519 1690 1561 Neustadt-

329 1592 594 1633 Eberswalde
615 1597 833 1642 utrumque
854 1603 993 1629 sexum
1010 1591 1175 1643 collegit
1190 1591 1237 1631 D.
1258 1592 1402 1633 Prosxr.
1425 1591 1687 1647 Ratzebnrg.

331 1665 553 1707 Slmckard
581 1667 619 1704 in
651 1665 794 1717 Anglia
835 1664 1065 1703 observavit
1105 1665 1292 1703 seminam
1337 1670 1563 1716 raptantem
1608 1677 1687 1704 non

325 1741 457 1780 solum
487 1742 592 1792 Apes
623 1737 854 1784 mellificas,
893 1738 961 1776 sed
1008 1739 1211 1790 praecipue
1256 1738 1471 1790 Apiaridas
1514 1740 1689 1776 minores

327 1820 372 1853 ut
406 1814 584 1854 Haliclos
613 1819 653 1852 et
683 1812 925 1852 consimiles.
983 1810 1130 1852 Gallia,
1170 1811 1298 1852 ltalia.
1334 1811 1498 1849 Femina
1531 1816 1574 1849 ut
1605 1812 1690 1851 ani-

327 1888 545 1928 malculum
575 1887 765 1926 alveariis
794 1886 1094 1925 infestissimum
1122 1884 1204 1936 jam
1229 1899 1248 1924 a
1267 1884 1441 1937 Virgilio
1457 1883 1687 1936 deculpata.

379 1977 526 2013 Observ.
574 1979 772 2021 Utriusque
798 1986 906 2010 sexus
933 1976 1074 2008 macula
1117 1976 1260 2008 facialis
1300 1977 1412 2015 (inter
1459 1976 1688 2009 mandibulas

416 2043 543 2076 oculos
569 2048 606 2074 et
631 2047 807 2074 antennas
833 2045 897 2072 aut
937 2039 1149 2079 stemmata)
1190 2037 1491 2079 4-5-1aciniata‚
1540 2041 1687 2083 pronoti

417 2116 542 2149 margo
568 2106 754 2150 posticu3‚
781 2104 970 2136 tubercula
1002 2102 1204 2135 humeralia
1232 2102 1426 2143 interdum,
1450 2102 1688 2145 tegulaetotae

414 2174 480 2202 aut
505 2179 548 2202 ex
575 2174 698 2212 parte,
725 2167 955 2211 postscutelli
982 2166 1113 2198 sti-iola
1145 2165 1246 2206 (raro
1281 2164 1468 2204 deficiens)
1516 2167 1689 2199 continua

415 2233 470 2265 vel
498 2239 631 2277 punctu
657 2233 740 2264 bina
767 2230 901 2274 pallide
930 2228 1044 2269 ssava;
1071 2229 1264 2260 scutellum
1309 2229 1363 2260 vel
1412 2229 1585 2262 concolor
1632 2230 1688 2263 vel

415 2297 701 2329 immaculatum.
749 2293 975 2328 Mundibuiae
1001 2301 1065 2324 nec
1089 2303 1158 2324 non
1185 2292 1278 2324 linea
1304 2295 1416 2324 ‘curva
1449 2292 1494 2325 ab
1541 2293 1688 2326 illarum

418 2361 494 2393 basi
522 2371 614 2404 pone
640 2359 768 2392 oculos
794 2358 828 2389 in
854 2356 1024 2400 occipitis
1051 2364 1220 2387 cacumen
1256 2354 1366 2387 ducta
1413 2355 1523 2389 fulva.
1573 2355 1687 2388 Pedes

416 2425 537 2458 citrini
564 2424 620 2456 vel
646 2421 873 2460 aui-antiaci3
898 2429 999 2453 coxae
1041 2417 1294 2451 trochanteres
1341 2424 1378 2450 et
1421 2418 1561 2450 femora
1608 2417 1684 2450 basi

417 2489 541 2532 nigra,
567 2487 732 2520 omnibus
758 2483 1078 2518 articulationibus
1113 2481 1453 2524 ssavo-marginatis.
1491 2481 1609 2524 Caput
1648 2485 1687 2513 et

416 2551 546 2587 thorax
571 2550 851 2596 griseo-pilosa,
877 2546 969 2580 illud
994 2545 1186 2579 confertim
1213 2549 1424 2589 punctatum
1449 2544 1685 2588 subopaeum,
